<?xml version="1.0" encoding="UTF-8"?>
<!DOCTYPE html PUBLIC "-//W3C//DTD XHTML 1.0 Transitional//EN"
    "http://www.w3.org/TR/xhtml1/DTD/xhtml1-transitional.dtd">
<html xmlns="http://www.w3.org/1999/xhtml" xml:lang="en" lang="en">
 <head>
  <title>
</title>
<meta http-equiv="Content-Type" content="text/html;charset=utf-8" />
  <meta name='ocr-system' content='tesseract 3.04.00' />
  <meta name='ocr-capabilities' content='ocr_page ocr_carea ocr_par ocr_line ocrx_word'/>
</head>
<body>
  <div class='ocr_page' id='page_1' title='image "./comoediaehoratia00jahnuoft_0025.png"; bbox 0 0 1614 2658; ppageno 0'>
   <div class='ocr_carea' id='block_1_1' title="bbox 33 211 1380 563">
    <p class='ocr_par' dir='ltr' id='par_1_1' title="bbox 33 211 1380 563">
     <span class='ocr_line' id='line_1_1' title="bbox 157 211 1380 268; baseline 0.002 -15"><span class='ocrx_word' id='word_1_1' title='bbox 157 211 192 253; x_wconf 85' lang='grc' dir='ltr'>Ε</span> <span class='ocrx_word' id='word_1_2' title='bbox 232 212 682 268; x_wconf 80' lang='lat' dir='ltr'>codexErlangensis</span> <span class='ocrx_word' id='word_1_3' title='bbox 723 213 806 255; x_wconf 85' lang='lat'>849</span> <span class='ocrx_word' id='word_1_4' title='bbox 847 214 1003 255; x_wconf 85' lang='lat' dir='ltr'>saeculi</span> <span class='ocrx_word' id='word_1_5' title='bbox 1040 213 1133 256; x_wconf 86' lang='lat' dir='ltr'>XV.</span> <span class='ocrx_word' id='word_1_6' title='bbox 1205 213 1380 256; x_wconf 87' lang='lat' dir='ltr'>Contuli</span> 
     </span>
     <span class='ocr_line' id='line_1_2' title="bbox 34 270 1380 326; baseline 0.001 -14"><span class='ocrx_word' id='word_1_7' title='bbox 34 271 138 325; x_wconf 90' lang='lat' dir='ltr'>ipse.</span> <span class='ocrx_word' id='word_1_8' title='bbox 210 270 460 326; x_wconf 76' lang='lat' dir='ltr'>Descriptus</span> <span class='ocrx_word' id='word_1_9' title='bbox 506 274 572 313; x_wconf 89' lang='lat' dir='ltr'>est</span> <span class='ocrx_word' id='word_1_10' title='bbox 613 273 666 313; x_wconf 88' lang='lat' dir='ltr'>ab</span> <span class='ocrx_word' id='word_1_11' title='bbox 706 271 738 313; x_wconf 92' lang='lat' dir='ltr'>I.</span> <span class='ocrx_word' id='word_1_12' title='bbox 777 271 821 314; x_wconf 87' lang='lat' dir='ltr'>C.</span> <span class='ocrx_word' id='word_1_13' title='bbox 859 271 1092 314; x_wconf 82' lang='lat' dir='ltr'>Irmischer</span> <span class='ocrx_word' id='word_1_14' title='bbox 1135 273 1179 314; x_wconf 87' lang='lat' dir='ltr'>in</span> <span class='ocrx_word' id='word_1_15' title='bbox 1219 273 1380 315; x_wconf 72' lang='lat' dir='ltr'>eHand-</span> 
     </span>
     <span class='ocr_line' id='line_1_3' title="bbox 35 329 1378 387; baseline 0.002 -17"><span class='ocrx_word' id='word_1_16' title='bbox 35 329 473 385; x_wconf 78' lang='lat' dir='ltr'>schriften-Katalog</span> <span class='ocrx_word' id='word_1_17' title='bbox 517 330 590 372; x_wconf 86' lang='lat' dir='ltr'>der</span> <span class='ocrx_word' id='word_1_18' title='bbox 633 332 674 373; x_wconf 87' lang='lat' dir='ltr'>k.</span> <span class='ocrx_word' id='word_1_19' title='bbox 717 329 998 373; x_wconf 82' lang='lat' dir='ltr'>Univ.-Bib].</span> <span class='ocrx_word' id='word_1_20' title='bbox 1040 347 1090 373; x_wconf 93' lang='lat' dir='ltr'>zu</span> <span class='ocrx_word' id='word_1_21' title='bbox 1133 331 1378 387; x_wconf 77' lang='lat' dir='ltr'>Erlangen&#39;</span> 
     </span>
     <span class='ocr_line' id='line_1_4' title="bbox 33 389 1380 445; baseline 0.001 -15"><span class='ocrx_word' id='word_1_22' title='bbox 33 403 73 443; x_wconf 91' lang='lat' dir='ltr'>p.</span> <span class='ocrx_word' id='word_1_23' title='bbox 106 389 193 430; x_wconf 89' lang='grc'>222</span> <span class='ocrx_word' id='word_1_24' title='bbox 209 404 269 444; x_wconf 88' lang='lat' dir='ltr'>sq.</span> <span class='ocrx_word' id='word_1_25' title='bbox 301 391 344 430; x_wconf 90' lang='lat' dir='ltr'>et</span> <span class='ocrx_word' id='word_1_26' title='bbox 377 390 430 430; x_wconf 88' lang='lat' dir='ltr'>ab</span> <span class='ocrx_word' id='word_1_27' title='bbox 456 389 641 431; x_wconf 77' lang='lat' dir='ltr'>Ernesto</span> <span class='ocrx_word' id='word_1_28' title='bbox 676 389 812 445; x_wconf 86' lang='lat' dir='ltr'>Voigt</span> <span class='ocrx_word' id='word_1_29' title='bbox 843 391 869 431; x_wconf 91' lang='grc'>].</span> <span class='ocrx_word' id='word_1_30' title='bbox 904 405 934 432; x_wconf 91' lang='lat' dir='ltr'>s.</span> <span class='ocrx_word' id='word_1_31' title='bbox 962 405 992 431; x_wconf 90' lang='lat' dir='ltr'>s.</span> <span class='ocrx_word' id='word_1_32' title='bbox 1024 406 1064 445; x_wconf 90' lang='lat' dir='ltr'>p.</span> <span class='ocrx_word' id='word_1_33' title='bbox 1086 392 1111 432; x_wconf 81' lang='lat'>8</span> <span class='ocrx_word' id='word_1_34' title='bbox 1134 405 1194 445; x_wconf 87' lang='lat' dir='ltr'>sq.</span> <span class='ocrx_word' id='word_1_35' title='bbox 1257 391 1380 433; x_wconf 87' lang='lat' dir='ltr'>Irmi-</span> 
     </span>
     <span class='ocr_line' id='line_1_5' title="bbox 34 447 1377 503; baseline 0.002 -15"><span class='ocrx_word' id='word_1_36' title='bbox 34 447 174 489; x_wconf 87' lang='lat' dir='ltr'>scheri</span> <span class='ocrx_word' id='word_1_37' title='bbox 201 448 531 503; x_wconf 74' lang='lat' dir='ltr'>descriptionem</span> <span class='ocrx_word' id='word_1_38' title='bbox 557 449 602 489; x_wconf 89' lang='lat' dir='ltr'>in</span> <span class='ocrx_word' id='word_1_39' title='bbox 628 449 810 503; x_wconf 88' lang='lat' dir='ltr'>quadam</span> <span class='ocrx_word' id='word_1_40' title='bbox 837 463 881 490; x_wconf 93' lang='lat' dir='ltr'>re</span> <span class='ocrx_word' id='word_1_41' title='bbox 909 450 1073 490; x_wconf 87' lang='lat' dir='ltr'>correxi</span> <span class='ocrx_word' id='word_1_42' title='bbox 1098 450 1124 490; x_wconf 90' lang='lat' dir='ltr'>l.</span> <span class='ocrx_word' id='word_1_43' title='bbox 1148 464 1181 491; x_wconf 89' lang='lat' dir='ltr'>c.</span> <span class='ocrx_word' id='word_1_44' title='bbox 1207 465 1245 503; x_wconf 89' lang='lat' dir='ltr'>p.</span> <span class='ocrx_word' id='word_1_45' title='bbox 1270 449 1377 503; x_wconf 58' lang='lat'>141)</span> 
     </span>
     <span class='ocr_line' id='line_1_6' title="bbox 34 503 1378 563; baseline 0.001 -15"><span class='ocrx_word' id='word_1_46' title='bbox 34 503 267 549; x_wconf 84' lang='lat' dir='ltr'>Comoedia</span> <span class='ocrx_word' id='word_1_47' title='bbox 294 507 361 549; x_wconf 66' lang='lat' dir='ltr'>‘de</span> <span class='ocrx_word' id='word_1_48' title='bbox 386 508 537 549; x_wconf 89' lang='lat' dir='ltr'>nuntio</span> <span class='ocrx_word' id='word_1_49' title='bbox 566 507 905 563; x_wconf 80' lang='lat' dir='ltr'>sagaci&#39;legitur</span> <span class='ocrx_word' id='word_1_50' title='bbox 929 508 974 549; x_wconf 89' lang='lat' dir='ltr'>in</span> <span class='ocrx_word' id='word_1_51' title='bbox 999 507 1073 549; x_wconf 83' lang='lat' dir='ltr'>fol.</span> <span class='ocrx_word' id='word_1_52' title='bbox 1096 506 1378 550; x_wconf 60' lang='lat' dir='ltr'>155b—1612.</span> 
     </span>
    </p>
   </div>
   <div class='ocr_carea' id='block_1_2' title="bbox 29 576 1379 1283">
    <p class='ocr_par' dir='ltr' id='par_1_2' title="bbox 31 576 1379 952">
     <span class='ocr_line' id='line_1_7' title="bbox 123 576 1378 620; baseline 0.002 -2"><span class='ocrx_word' id='word_1_53' title='bbox 123 576 159 618; x_wconf 86' lang='lat' dir='ltr'>V</span> <span class='ocrx_word' id='word_1_54' title='bbox 186 577 317 619; x_wconf 83' lang='lat' dir='ltr'>codex</span> <span class='ocrx_word' id='word_1_55' title='bbox 343 577 689 620; x_wconf 90' lang='lat' dir='ltr'>Vindobonensis</span> <span class='ocrx_word' id='word_1_56' title='bbox 710 579 795 620; x_wconf 81' lang='lat'>303</span> <span class='ocrx_word' id='word_1_57' title='bbox 824 578 983 620; x_wconf 83' lang='lat' dir='ltr'>saeculi</span> <span class='ocrx_word' id='word_1_58' title='bbox 1008 577 1124 620; x_wconf 89' lang='lat' dir='ltr'>XIV.</span> <span class='ocrx_word' id='word_1_59' title='bbox 1166 577 1274 620; x_wconf 89' lang='lat' dir='ltr'>Post</span> <span class='ocrx_word' id='word_1_60' title='bbox 1301 577 1378 620; x_wconf 86' lang='lat' dir='ltr'>Ca-</span> 
     </span>
     <span class='ocr_line' id='line_1_8' title="bbox 33 635 1378 692; baseline 0.001 -15"><span class='ocrx_word' id='word_1_61' title='bbox 33 635 174 678; x_wconf 88' lang='lat' dir='ltr'>rolum</span> <span class='ocrx_word' id='word_1_62' title='bbox 199 635 358 679; x_wconf 83' lang='lat' dir='ltr'>Wotke</span> <span class='ocrx_word' id='word_1_63' title='bbox 391 638 613 679; x_wconf 80' lang='lat' dir='ltr'>occasione</span> <span class='ocrx_word' id='word_1_64' title='bbox 647 637 747 679; x_wconf 88' lang='lat' dir='ltr'>data</span> <span class='ocrx_word' id='word_1_65' title='bbox 779 637 941 679; x_wconf 80' lang='lat' dir='ltr'>contuli</span> <span class='ocrx_word' id='word_1_66' title='bbox 972 637 1075 692; x_wconf 87' lang='lat' dir='ltr'>ipse.</span> <span class='ocrx_word' id='word_1_67' title='bbox 1133 635 1275 678; x_wconf 83' lang='lat' dir='ltr'>Codex</span> <span class='ocrx_word' id='word_1_68' title='bbox 1309 637 1378 678; x_wconf 80' lang='lat' dir='ltr'>de-</span> 
     </span>
     <span class='ocr_line' id='line_1_9' title="bbox 34 694 1376 751; baseline 0.002 -16"><span class='ocrx_word' id='word_1_69' title='bbox 34 694 220 750; x_wconf 85' lang='lat' dir='ltr'>scriptus</span> <span class='ocrx_word' id='word_1_70' title='bbox 236 695 360 737; x_wconf 88' lang='lat' dir='ltr'>estin</span> <span class='ocrx_word' id='word_1_71' title='bbox 375 695 583 750; x_wconf 82' lang='lat' dir='ltr'>Stephani</span> <span class='ocrx_word' id='word_1_72' title='bbox 599 696 830 737; x_wconf 85' lang='lat' dir='ltr'>Endlicher</span> <span class='ocrx_word' id='word_1_73' title='bbox 851 695 1067 751; x_wconf 76' lang='lat' dir='ltr'>‘catalogo</span> <span class='ocrx_word' id='word_1_74' title='bbox 1084 696 1214 737; x_wconf 89' lang='lat' dir='ltr'>codic.</span> <span class='ocrx_word' id='word_1_75' title='bbox 1229 696 1376 750; x_wconf 88' lang='lat' dir='ltr'>philol.</span> 
     </span>
     <span class='ocr_line' id='line_1_10' title="bbox 33 753 1379 797; baseline 0.001 -3"><span class='ocrx_word' id='word_1_76' title='bbox 33 754 107 796; x_wconf 89' lang='lat' dir='ltr'>lat.</span> <span class='ocrx_word' id='word_1_77' title='bbox 135 753 238 797; x_wconf 91' lang='lat' dir='ltr'>bibl.</span> <span class='ocrx_word' id='word_1_78' title='bbox 263 753 487 797; x_wconf 74' lang='lat' dir='ltr'>Palatinae</span> <span class='ocrx_word' id='word_1_79' title='bbox 515 754 878 797; x_wconf 85' lang='lat' dir='ltr'>Vindobonensis&#39;</span> <span class='ocrx_word' id='word_1_80' title='bbox 912 755 990 796; x_wconf 89' lang='lat' dir='ltr'>sub</span> <span class='ocrx_word' id='word_1_81' title='bbox 1016 769 1196 796; x_wconf 90' lang='lat' dir='ltr'>numero</span> <span class='ocrx_word' id='word_1_82' title='bbox 1224 755 1307 796; x_wconf 82' lang='grc'>277</span> <span class='ocrx_word' id='word_1_83' title='bbox 1338 761 1379 796; x_wconf 85' lang='lat' dir='ltr'>et</span> 
     </span>
     <span class='ocr_line' id='line_1_11' title="bbox 31 811 1377 856; baseline 0.001 -3"><span class='ocrx_word' id='word_1_84' title='bbox 31 812 77 853; x_wconf 88' lang='lat' dir='ltr'>in</span> <span class='ocrx_word' id='word_1_85' title='bbox 104 811 279 854; x_wconf 76' lang='lat' dir='ltr'>‘tabulis</span> <span class='ocrx_word' id='word_1_86' title='bbox 307 814 437 855; x_wconf 91' lang='lat' dir='ltr'>codic.</span> <span class='ocrx_word' id='word_1_87' title='bbox 463 814 507 854; x_wconf 93' lang='lat' dir='ltr'>in</span> <span class='ocrx_word' id='word_1_88' title='bbox 538 814 642 855; x_wconf 88' lang='lat' dir='ltr'>bibl.</span> <span class='ocrx_word' id='word_1_89' title='bbox 669 814 806 856; x_wconf 86' lang='lat' dir='ltr'>Palat.</span> <span class='ocrx_word' id='word_1_90' title='bbox 831 813 1017 855; x_wconf 89' lang='lat' dir='ltr'>Vindob.</span> <span class='ocrx_word' id='word_1_91' title='bbox 1046 813 1218 855; x_wconf 68' lang='lat' dir='ltr'>asseru.9</span> <span class='ocrx_word' id='word_1_92' title='bbox 1250 814 1334 854; x_wconf 92' lang='lat' dir='ltr'>uol.</span> <span class='ocrx_word' id='word_1_93' title='bbox 1356 813 1377 854; x_wconf 93' lang='lat' dir='ltr'>I</span> 
     </span>
     <span class='ocr_line' id='line_1_12' title="bbox 31 870 1376 952; baseline 0 -38"><span class='ocrx_word' id='word_1_94' title='bbox 31 886 70 925; x_wconf 90' lang='lat' dir='ltr'>p.</span> <span class='ocrx_word' id='word_1_95' title='bbox 97 871 151 912; x_wconf 88' lang='grc'>41</span> <span class='ocrx_word' id='word_1_96' title='bbox 177 886 239 952; x_wconf 72' lang='lat' dir='ltr'>sbq.</span> <span class='ocrx_word' id='word_1_97' title='bbox 301 871 446 914; x_wconf 75' lang='lat' dir='ltr'>‘Liber</span> <span class='ocrx_word' id='word_1_98' title='bbox 476 873 733 927; x_wconf 83' lang='lat' dir='ltr'>puellarum&#39;</span> <span class='ocrx_word' id='word_1_99' title='bbox 771 873 954 927; x_wconf 89' lang='lat' dir='ltr'>scriptus</span> <span class='ocrx_word' id='word_1_100' title='bbox 994 875 1058 914; x_wconf 90' lang='lat' dir='ltr'>est</span> <span class='ocrx_word' id='word_1_101' title='bbox 1089 872 1134 913; x_wconf 90' lang='lat' dir='ltr'>in</span> <span class='ocrx_word' id='word_1_102' title='bbox 1165 872 1237 914; x_wconf 85' lang='lat' dir='ltr'>fol.</span> <span class='ocrx_word' id='word_1_103' title='bbox 1271 870 1376 914; x_wconf 75' lang='lat' dir='ltr'>112b</span> 
     </span>
    </p>

    <p class='ocr_par' dir='ltr' id='par_1_3' title="bbox 29 997 1377 1283">
     <span class='ocr_line' id='line_1_13' title="bbox 121 997 1377 1056; baseline -0.005 -9"><span class='ocrx_word' id='word_1_104' title='bbox 121 1009 180 1052; x_wconf 82' lang='lat' dir='ltr'>W</span> <span class='ocrx_word' id='word_1_105' title='bbox 201 1005 331 1047; x_wconf 87' lang='lat' dir='ltr'>codex</span> <span class='ocrx_word' id='word_1_106' title='bbox 346 1003 694 1047; x_wconf 84' lang='lat' dir='ltr'>Vindobonensis</span> <span class='ocrx_word' id='word_1_107' title='bbox 710 1002 826 1044; x_wconf 78' lang='lat'>3114</span> <span class='ocrx_word' id='word_1_108' title='bbox 847 997 1099 1044; x_wconf 83' lang='lat' dir='ltr'>saeculiXV</span> <span class='ocrx_word' id='word_1_109' title='bbox 1120 1016 1215 1042; x_wconf 86' lang='lat' dir='ltr'>mea</span> <span class='ocrx_word' id='word_1_110' title='bbox 1235 1001 1377 1056; x_wconf 83' lang='lat' dir='ltr'>gratia</span> 
     </span>
     <span class='ocr_line' id='line_1_14' title="bbox 32 1060 1377 1115; baseline -0.004 -9"><span class='ocrx_word' id='word_1_111' title='bbox 32 1080 57 1106; x_wconf 86' lang='lat' dir='ltr'>a</span> <span class='ocrx_word' id='word_1_112' title='bbox 84 1064 237 1107; x_wconf 89' lang='lat' dir='ltr'>Carolo</span> <span class='ocrx_word' id='word_1_113' title='bbox 257 1063 417 1106; x_wconf 84' lang='lat' dir='ltr'>Wotke</span> <span class='ocrx_word' id='word_1_114' title='bbox 445 1063 627 1105; x_wconf 82' lang='lat' dir='ltr'>collatus</span> <span class='ocrx_word' id='word_1_115' title='bbox 661 1065 734 1103; x_wconf 76' lang='lat' dir='ltr'>est.</span> <span class='ocrx_word' id='word_1_116' title='bbox 780 1061 1024 1115; x_wconf 82' lang='lat' dir='ltr'>Descriptio</span> <span class='ocrx_word' id='word_1_117' title='bbox 1052 1060 1209 1102; x_wconf 87' lang='lat' dir='ltr'>codicis</span> <span class='ocrx_word' id='word_1_118' title='bbox 1238 1063 1377 1101; x_wconf 83' lang='lat' dir='ltr'>exstat</span> 
     </span>
     <span class='ocr_line' id='line_1_15' title="bbox 31 1119 1376 1177; baseline -0.003 -13"><span class='ocrx_word' id='word_1_119' title='bbox 31 1124 74 1164; x_wconf 90' lang='lat' dir='ltr'>in</span> <span class='ocrx_word' id='word_1_120' title='bbox 106 1122 354 1165; x_wconf 88' lang='lat' dir='ltr'>Endlicheri</span> <span class='ocrx_word' id='word_1_121' title='bbox 387 1123 586 1177; x_wconf 78' lang='lat' dir='ltr'>catalogo</span> <span class='ocrx_word' id='word_1_122' title='bbox 625 1121 703 1162; x_wconf 89' lang='lat' dir='ltr'>sub</span> <span class='ocrx_word' id='word_1_123' title='bbox 742 1135 919 1162; x_wconf 90' lang='lat' dir='ltr'>numero</span> <span class='ocrx_word' id='word_1_124' title='bbox 953 1120 1037 1161; x_wconf 83' lang='grc'>226</span> <span class='ocrx_word' id='word_1_125' title='bbox 1071 1121 1112 1160; x_wconf 90' lang='lat' dir='ltr'>et</span> <span class='ocrx_word' id='word_1_126' title='bbox 1144 1119 1189 1160; x_wconf 89' lang='lat' dir='ltr'>in</span> <span class='ocrx_word' id='word_1_127' title='bbox 1223 1119 1376 1160; x_wconf 69' lang='lat' dir='ltr'>‘Tabu-</span> 
     </span>
     <span class='ocr_line' id='line_1_16' title="bbox 29 1178 1376 1236; baseline -0.004 -13"><span class='ocrx_word' id='word_1_128' title='bbox 29 1181 185 1224; x_wconf 88' lang='lat' dir='ltr'>larum&#39;</span> <span class='ocrx_word' id='word_1_129' title='bbox 217 1182 301 1223; x_wconf 89' lang='lat' dir='ltr'>uol.</span> <span class='ocrx_word' id='word_1_130' title='bbox 332 1180 376 1222; x_wconf 91' lang='lat' dir='ltr'>II</span> <span class='ocrx_word' id='word_1_131' title='bbox 407 1197 446 1236; x_wconf 88' lang='lat' dir='ltr'>p.</span> <span class='ocrx_word' id='word_1_132' title='bbox 483 1181 565 1223; x_wconf 85' lang='grc'>199</span> <span class='ocrx_word' id='word_1_133' title='bbox 582 1195 643 1234; x_wconf 87' lang='lat' dir='ltr'>sq.</span> <span class='ocrx_word' id='word_1_134' title='bbox 696 1179 925 1222; x_wconf 81' lang='lat' dir='ltr'>Comoedia</span> <span class='ocrx_word' id='word_1_135' title='bbox 956 1180 1105 1220; x_wconf 85' lang='lat' dir='ltr'>nostra</span> <span class='ocrx_word' id='word_1_136' title='bbox 1138 1178 1298 1233; x_wconf 81' lang='lat' dir='ltr'>legitur</span> <span class='ocrx_word' id='word_1_137' title='bbox 1331 1178 1376 1219; x_wconf 86' lang='lat' dir='ltr'>in</span> 
     </span>
     <span class='ocr_line' id='line_1_17' title="bbox 30 1239 412 1283; baseline 0.003 -2"><span class='ocrx_word' id='word_1_138' title='bbox 30 1240 102 1283; x_wconf 92' lang='lat' dir='ltr'>fol.</span> <span class='ocrx_word' id='word_1_139' title='bbox 129 1239 412 1283; x_wconf 69' lang='lat' dir='ltr'>223b—2282.</span> 
     </span>
    </p>
   </div>
   <div class='ocr_carea' id='block_1_3' title="bbox 29 1309 1378 1659">
    <p class='ocr_par' dir='ltr' id='par_1_4' title="bbox 29 1309 1378 1659">
     <span class='ocr_line' id='line_1_18' title="bbox 121 1309 1377 1364; baseline -0.002 -11"><span class='ocrx_word' id='word_1_140' title='bbox 121 1310 162 1354; x_wconf 89' lang='grc' dir='ltr'>Χ</span> <span class='ocrx_word' id='word_1_141' title='bbox 201 1311 332 1353; x_wconf 85' lang='lat' dir='ltr'>codex</span> <span class='ocrx_word' id='word_1_142' title='bbox 363 1310 709 1353; x_wconf 88' lang='lat' dir='ltr'>Vindobonensis</span> <span class='ocrx_word' id='word_1_143' title='bbox 745 1310 889 1353; x_wconf 78' lang='lat'>13685</span> <span class='ocrx_word' id='word_1_144' title='bbox 929 1310 1087 1352; x_wconf 86' lang='lat' dir='ltr'>saeculi</span> <span class='ocrx_word' id='word_1_145' title='bbox 1118 1309 1211 1362; x_wconf 90' lang='lat' dir='ltr'>XV,</span> <span class='ocrx_word' id='word_1_146' title='bbox 1252 1324 1377 1364; x_wconf 86' lang='lat' dir='ltr'>quem</span> 
     </span>
     <span class='ocr_line' id='line_1_19' title="bbox 32 1368 1376 1423; baseline -0.002 -11"><span class='ocrx_word' id='word_1_147' title='bbox 32 1370 212 1412; x_wconf 89' lang='lat' dir='ltr'>comiter</span> <span class='ocrx_word' id='word_1_148' title='bbox 237 1370 345 1411; x_wconf 85' lang='lat' dir='ltr'>mihi</span> <span class='ocrx_word' id='word_1_149' title='bbox 370 1370 552 1411; x_wconf 88' lang='lat' dir='ltr'>contulit</span> <span class='ocrx_word' id='word_1_150' title='bbox 576 1370 811 1411; x_wconf 86' lang='lat' dir='ltr'>Arthurius</span> <span class='ocrx_word' id='word_1_151' title='bbox 839 1369 1089 1411; x_wconf 85' lang='lat' dir='ltr'>Goldmann.</span> <span class='ocrx_word' id='word_1_152' title='bbox 1124 1368 1376 1423; x_wconf 85' lang='lat' dir='ltr'>Descriptus</span> 
     </span>
     <span class='ocr_line' id='line_1_20' title="bbox 32 1427 1378 1483; baseline -0.001 -13"><span class='ocrx_word' id='word_1_153' title='bbox 32 1432 97 1471; x_wconf 90' lang='lat' dir='ltr'>est</span> <span class='ocrx_word' id='word_1_154' title='bbox 128 1429 173 1470; x_wconf 93' lang='lat' dir='ltr'>in</span> <span class='ocrx_word' id='word_1_155' title='bbox 199 1428 493 1470; x_wconf 68' lang='lat' dir='ltr'>‘Tabularum’</span> <span class='ocrx_word' id='word_1_156' title='bbox 521 1429 606 1470; x_wconf 90' lang='lat' dir='ltr'>uol.</span> <span class='ocrx_word' id='word_1_157' title='bbox 627 1428 711 1470; x_wconf 92' lang='lat' dir='ltr'>VII</span> <span class='ocrx_word' id='word_1_158' title='bbox 739 1445 776 1483; x_wconf 94' lang='lat' dir='ltr'>p.</span> <span class='ocrx_word' id='word_1_159' title='bbox 799 1429 883 1470; x_wconf 79' lang='lat'>248</span> <span class='ocrx_word' id='word_1_160' title='bbox 900 1443 959 1482; x_wconf 89' lang='lat' dir='ltr'>sq.</span> <span class='ocrx_word' id='word_1_161' title='bbox 1005 1427 1378 1469; x_wconf 83' lang='lat' dir='ltr'>Commemoratur</span> 
     </span>
     <span class='ocr_line' id='line_1_21' title="bbox 32 1486 1376 1542; baseline -0.002 -13"><span class='ocrx_word' id='word_1_162' title='bbox 32 1488 86 1529; x_wconf 90' lang='lat' dir='ltr'>ab</span> <span class='ocrx_word' id='word_1_163' title='bbox 117 1487 304 1528; x_wconf 91' lang='lat' dir='ltr'>Henrico</span> <span class='ocrx_word' id='word_1_164' title='bbox 337 1486 555 1541; x_wconf 83' lang='lat' dir='ltr'>Stephano</span> <span class='ocrx_word' id='word_1_165' title='bbox 584 1487 833 1542; x_wconf 82' lang='lat' dir='ltr'>Sedlmayer</span> <span class='ocrx_word' id='word_1_166' title='bbox 864 1488 908 1528; x_wconf 91' lang='lat' dir='ltr'>in</span> <span class='ocrx_word' id='word_1_167' title='bbox 940 1486 1124 1541; x_wconf 61' lang='lat' dir='ltr'>“Prolegz</span> <span class='ocrx_word' id='word_1_168' title='bbox 1157 1486 1289 1528; x_wconf 84' lang='lat' dir='ltr'>critic.</span> <span class='ocrx_word' id='word_1_169' title='bbox 1322 1486 1376 1527; x_wconf 86' lang='lat' dir='ltr'>ad</span> 
     </span>
     <span class='ocr_line' id='line_1_22' title="bbox 29 1544 1375 1600; baseline -0.002 -12"><span class='ocrx_word' id='word_1_170' title='bbox 29 1545 244 1588; x_wconf 86' lang='lat' dir='ltr'>Heroidas</span> <span class='ocrx_word' id='word_1_171' title='bbox 260 1544 508 1588; x_wconf 86' lang='lat' dir='ltr'>Ovidianas&#39;</span> <span class='ocrx_word' id='word_1_172' title='bbox 520 1562 560 1600; x_wconf 90' lang='lat' dir='ltr'>p.</span> <span class='ocrx_word' id='word_1_173' title='bbox 572 1547 592 1587; x_wconf 94' lang='lat'>1</span> <span class='ocrx_word' id='word_1_174' title='bbox 603 1547 637 1588; x_wconf 92' lang='lat'>1.</span> <span class='ocrx_word' id='word_1_175' title='bbox 663 1544 873 1587; x_wconf 90' lang='lat' dir='ltr'>Nostrum</span> <span class='ocrx_word' id='word_1_176' title='bbox 889 1559 1073 1600; x_wconf 72' lang='lat' dir='ltr'>carmen,</span> <span class='ocrx_word' id='word_1_177' title='bbox 1088 1545 1200 1599; x_wconf 87' lang='lat' dir='ltr'>quod</span> <span class='ocrx_word' id='word_1_178' title='bbox 1216 1545 1375 1598; x_wconf 79' lang='lat' dir='ltr'>legitur</span> 
     </span>
     <span class='ocr_line' id='line_1_23' title="bbox 30 1604 1336 1659; baseline -0.002 -13"><span class='ocrx_word' id='word_1_179' title='bbox 30 1605 75 1646; x_wconf 91' lang='lat' dir='ltr'>in</span> <span class='ocrx_word' id='word_1_180' title='bbox 106 1604 177 1646; x_wconf 87' lang='lat' dir='ltr'>fol.</span> <span class='ocrx_word' id='word_1_181' title='bbox 210 1604 466 1659; x_wconf 80' lang='grc'><strong><em>231-234,</em></strong></span> <span class='ocrx_word' id='word_1_182' title='bbox 499 1605 708 1659; x_wconf 86' lang='lat' dir='ltr'>scriptum</span> <span class='ocrx_word' id='word_1_183' title='bbox 740 1619 831 1646; x_wconf 89' lang='lat' dir='ltr'>esse</span> <span class='ocrx_word' id='word_1_184' title='bbox 863 1604 1034 1645; x_wconf 80' lang='lat' dir='ltr'>uidetur</span> <span class='ocrx_word' id='word_1_185' title='bbox 1067 1618 1177 1645; x_wconf 84' lang='lat' dir='ltr'>anno</span> <span class='ocrx_word' id='word_1_186' title='bbox 1209 1604 1336 1645; x_wconf 83' lang='lat'>1479.</span> 
     </span>
    </p>
   </div>
   <div class='ocr_carea' id='block_1_4' title="bbox 11 1673 1378 2022">
    <p class='ocr_par' dir='ltr' id='par_1_5' title="bbox 11 1673 1378 2022">
     <span class='ocr_line' id='line_1_24' title="bbox 118 1673 1376 1728; baseline -0.002 -12"><span class='ocrx_word' id='word_1_187' title='bbox 118 1674 296 1716; x_wconf 86' lang='lat' dir='ltr'>Praeter</span> <span class='ocrx_word' id='word_1_188' title='bbox 326 1674 406 1716; x_wconf 89' lang='lat' dir='ltr'>hos</span> <span class='ocrx_word' id='word_1_189' title='bbox 442 1675 576 1717; x_wconf 87' lang='lat' dir='ltr'>libros</span> <span class='ocrx_word' id='word_1_190' title='bbox 609 1675 713 1716; x_wconf 88' lang='lat' dir='ltr'>olim</span> <span class='ocrx_word' id='word_1_191' title='bbox 753 1675 858 1716; x_wconf 89' lang='lat' dir='ltr'>alios</span> <span class='ocrx_word' id='word_1_192' title='bbox 899 1673 1115 1715; x_wconf 76' lang='lat' dir='ltr'>exstitisse</span> <span class='ocrx_word' id='word_1_193' title='bbox 1158 1674 1264 1727; x_wconf 85' lang='lat' dir='ltr'>scio,</span> <span class='ocrx_word' id='word_1_194' title='bbox 1304 1675 1376 1728; x_wconf 87' lang='lat' dir='ltr'>qui</span> 
     </span>
     <span class='ocr_line' id='line_1_25' title="bbox 28 1732 1376 1789; baseline -0.001 -14"><span class='ocrx_word' id='word_1_195' title='bbox 28 1747 141 1775; x_wconf 88' lang='lat' dir='ltr'>nunc</span> <span class='ocrx_word' id='word_1_196' title='bbox 184 1734 415 1787; x_wconf 88' lang='lat' dir='ltr'>perierunt.</span> <span class='ocrx_word' id='word_1_197' title='bbox 489 1733 633 1775; x_wconf 88' lang='lat' dir='ltr'>Codex</span> <span class='ocrx_word' id='word_1_198' title='bbox 676 1732 1062 1789; x_wconf 82' lang='lat' dir='ltr'>Argentoratensis</span> <span class='ocrx_word' id='word_1_199' title='bbox 1108 1733 1209 1774; x_wconf 90' lang='lat' dir='ltr'>anni</span> <span class='ocrx_word' id='word_1_200' title='bbox 1250 1733 1376 1783; x_wconf 78' lang='lat'>1470,</span> 
     </span>
     <span class='ocr_line' id='line_1_26' title="bbox 31 1791 1374 1846; baseline -0.001 -13"><span class='ocrx_word' id='word_1_201' title='bbox 31 1806 156 1846; x_wconf 90' lang='lat' dir='ltr'>quem</span> <span class='ocrx_word' id='word_1_202' title='bbox 189 1791 371 1834; x_wconf 87' lang='lat' dir='ltr'>Carolus</span> <span class='ocrx_word' id='word_1_203' title='bbox 402 1791 588 1833; x_wconf 87' lang='lat' dir='ltr'>Bartsch</span> <span class='ocrx_word' id='word_1_204' title='bbox 619 1792 884 1834; x_wconf 85' lang='lat' dir='ltr'>indicauerat</span> <span class='ocrx_word' id='word_1_205' title='bbox 914 1792 959 1833; x_wconf 93' lang='lat' dir='ltr'>in</span> <span class='ocrx_word' id='word_1_206' title='bbox 993 1791 1127 1832; x_wconf 50' lang='lat' dir='ltr'>‘Alba</span> <span class='ocrx_word' id='word_1_207' title='bbox 1160 1806 1198 1833; x_wconf 82' lang='lat' dir='ltr'>v.</span> <span class='ocrx_word' id='word_1_208' title='bbox 1231 1791 1374 1832; x_wconf 86' lang='lat' dir='ltr'>Halb.&#39;</span> 
     </span>
     <span class='ocr_line' id='line_1_27' title="bbox 29 1849 1378 1905; baseline -0.001 -13"><span class='ocrx_word' id='word_1_209' title='bbox 29 1865 69 1905; x_wconf 90' lang='lat' dir='ltr'>p.</span> <span class='ocrx_word' id='word_1_210' title='bbox 101 1850 158 1905; x_wconf 88' lang='lat' dir='ltr'>X,</span> <span class='ocrx_word' id='word_1_211' title='bbox 203 1865 314 1892; x_wconf 87' lang='lat' dir='ltr'>anno</span> <span class='ocrx_word' id='word_1_212' title='bbox 349 1851 462 1893; x_wconf 82' lang='lat'>1870</span> <span class='ocrx_word' id='word_1_213' title='bbox 506 1851 755 1892; x_wconf 91' lang='lat' dir='ltr'>combustus</span> <span class='ocrx_word' id='word_1_214' title='bbox 795 1854 872 1893; x_wconf 92' lang='lat' dir='ltr'>est.</span> <span class='ocrx_word' id='word_1_215' title='bbox 936 1849 1079 1892; x_wconf 87' lang='lat' dir='ltr'>Codex</span> <span class='ocrx_word' id='word_1_216' title='bbox 1116 1849 1378 1892; x_wconf 85' lang='lat' dir='ltr'>Bordeshol-</span> 
     </span>
     <span class='ocr_line' id='line_1_28' title="bbox 30 1908 1378 1964; baseline 0 -14"><span class='ocrx_word' id='word_1_217' title='bbox 30 1909 217 1964; x_wconf 78' lang='lat' dir='ltr'>miensiS,</span> <span class='ocrx_word' id='word_1_218' title='bbox 245 1909 316 1964; x_wconf 90' lang='lat' dir='ltr'>qui</span> <span class='ocrx_word' id='word_1_219' title='bbox 336 1909 496 1950; x_wconf 90' lang='lat' dir='ltr'>ibidem</span> <span class='ocrx_word' id='word_1_220' title='bbox 518 1912 889 1962; x_wconf 82' lang='lat' dir='ltr'>commemoratur,</span> <span class='ocrx_word' id='word_1_221' title='bbox 914 1923 1051 1963; x_wconf 88' lang='lat' dir='ltr'>neque</span> <span class='ocrx_word' id='word_1_222' title='bbox 1071 1908 1211 1950; x_wconf 85' lang='lat' dir='ltr'>Kiliae</span> <span class='ocrx_word' id='word_1_223' title='bbox 1237 1923 1378 1964; x_wconf 86' lang='lat' dir='ltr'>neque-</span> 
     </span>
     <span class='ocr_line' id='line_1_29' title="bbox 11 1967 1375 2022; baseline 0.001 -14"><span class='ocrx_word' id='word_1_224' title='bbox 11 1967 225 2009; x_wconf 75' lang='lat' dir='ltr'>&#39;Hauniae</span> <span class='ocrx_word' id='word_1_225' title='bbox 264 1970 522 2009; x_wconf 82' lang='lat' dir='ltr'>asseruatur.</span> <span class='ocrx_word' id='word_1_226' title='bbox 585 1967 727 2010; x_wconf 88' lang='lat' dir='ltr'>Codex</span> <span class='ocrx_word' id='word_1_227' title='bbox 758 1967 1039 2019; x_wconf 82' lang='lat' dir='ltr'>Mellicensis,</span> <span class='ocrx_word' id='word_1_228' title='bbox 1077 1967 1127 2009; x_wconf 92' lang='lat' dir='ltr'>de</span> <span class='ocrx_word' id='word_1_229' title='bbox 1161 1982 1244 2022; x_wconf 91' lang='lat' dir='ltr'>quo</span> <span class='ocrx_word' id='word_1_230' title='bbox 1278 1983 1375 2010; x_wconf 84' lang='lat' dir='ltr'>con-</span> 
     </span>
    </p>
   </div>
   <div class='ocr_carea' id='block_1_5' title="bbox 111 2062 310 2067">
    <p class='ocr_par' dir='ltr' id='par_1_6' title="bbox 111 2062 310 2067">
     <span class='ocr_line' id='line_1_30' title="bbox 111 2062 310 2067; baseline 0 0"><span class='ocrx_word' id='word_1_231' title='bbox 111 2062 310 2067; x_wconf 95' lang='lat' dir='ltr'> </span> 
     </span>
    </p>
   </div>
   <div class='ocr_carea' id='block_1_6' title="bbox 29 2105 1375 2191">
    <p class='ocr_par' dir='ltr' id='par_1_7' title="bbox 29 2105 1375 2191">
     <span class='ocr_line' id='line_1_31' title="bbox 128 2105 1375 2152; baseline 0.003 -12"><span class='ocrx_word' id='word_1_232' title='bbox 128 2108 161 2150; x_wconf 90' lang='lat'>1)</span> <span class='ocrx_word' id='word_1_233' title='bbox 182 2105 319 2140; x_wconf 82' lang='lat' dir='ltr'>Auiani</span> <span class='ocrx_word' id='word_1_234' title='bbox 344 2106 492 2141; x_wconf 85' lang='lat' dir='ltr'>fabulae</span> <span class='ocrx_word' id='word_1_235' title='bbox 518 2106 614 2141; x_wconf 87' lang='lat' dir='ltr'>male</span> <span class='ocrx_word' id='word_1_236' title='bbox 641 2106 702 2140; x_wconf 86' lang='lat' dir='ltr'>hic</span> <span class='ocrx_word' id='word_1_237' title='bbox 721 2106 884 2141; x_wconf 86' lang='lat' dir='ltr'>traditae</span> <span class='ocrx_word' id='word_1_238' title='bbox 905 2107 999 2141; x_wconf 86' lang='lat' dir='ltr'>sunt.</span> <span class='ocrx_word' id='word_1_239' title='bbox 1040 2106 1258 2152; x_wconf 74' lang='lat' dir='ltr'>Epimythia</span> <span class='ocrx_word' id='word_1_240' title='bbox 1276 2119 1375 2144; x_wconf 76' lang='lat' dir='ltr'>noua.</span> 
     </span>
     <span class='ocr_line' id='line_1_32' title="bbox 29 2152 1372 2191; baseline 0.003 -4"><span class='ocrx_word' id='word_1_241' title='bbox 29 2152 178 2188; x_wconf 80' lang='lat' dir='ltr'>adiecta</span> <span class='ocrx_word' id='word_1_242' title='bbox 210 2154 296 2187; x_wconf 89' lang='lat' dir='ltr'>sunt</span> <span class='ocrx_word' id='word_1_243' title='bbox 325 2152 463 2188; x_wconf 83' lang='lat' dir='ltr'>fabulis</span> <span class='ocrx_word' id='word_1_244' title='bbox 494 2153 555 2188; x_wconf 88' lang='lat' dir='ltr'>VI.</span> <span class='ocrx_word' id='word_1_245' title='bbox 589 2153 631 2187; x_wconf 93' lang='lat' dir='ltr'>X.</span> <span class='ocrx_word' id='word_1_246' title='bbox 671 2153 730 2187; x_wconf 91' lang='lat' dir='ltr'>XI.</span> <span class='ocrx_word' id='word_1_247' title='bbox 772 2152 852 2188; x_wconf 89' lang='lat' dir='ltr'>XII.</span> <span class='ocrx_word' id='word_1_248' title='bbox 890 2152 986 2188; x_wconf 88' lang='lat' dir='ltr'>XIII.</span> <span class='ocrx_word' id='word_1_249' title='bbox 1019 2153 1116 2188; x_wconf 85' lang='lat' dir='ltr'>XIV.</span> <span class='ocrx_word' id='word_1_250' title='bbox 1155 2153 1233 2191; x_wconf 92' lang='lat' dir='ltr'>XV.</span> <span class='ocrx_word' id='word_1_251' title='bbox 1260 2155 1372 2191; x_wconf 89' lang='lat' dir='ltr'>XVII.</span> 
     </span>
    </p>
   </div>
   <div class='ocr_carea' id='block_1_7' title="bbox 25 2199 1373 2386">
    <p class='ocr_par' dir='ltr' id='par_1_8' title="bbox 25 2199 1373 2386">
     <span class='ocr_line' id='line_1_33' title="bbox 27 2199 1373 2247; baseline 0.004 -14"><span class='ocrx_word' id='word_1_252' title='bbox 27 2199 122 2234; x_wconf 87' lang='lat' dir='ltr'>XIX.</span> <span class='ocrx_word' id='word_1_253' title='bbox 149 2199 226 2234; x_wconf 87' lang='lat' dir='ltr'>XX.</span> <span class='ocrx_word' id='word_1_254' title='bbox 255 2199 384 2234; x_wconf 90' lang='lat' dir='ltr'>XXIV.</span> <span class='ocrx_word' id='word_1_255' title='bbox 410 2199 523 2235; x_wconf 88' lang='lat' dir='ltr'>XXV.</span> <span class='ocrx_word' id='word_1_256' title='bbox 550 2200 680 2235; x_wconf 90' lang='lat' dir='ltr'>XXVI.</span> <span class='ocrx_word' id='word_1_257' title='bbox 708 2199 874 2235; x_wconf 86' lang='lat' dir='ltr'>XXVIII.</span> <span class='ocrx_word' id='word_1_258' title='bbox 896 2200 1026 2237; x_wconf 89' lang='lat' dir='ltr'>XXIX.</span> <span class='ocrx_word' id='word_1_259' title='bbox 1048 2200 1184 2235; x_wconf 89' lang='lat' dir='ltr'>XXXII</span> <span class='ocrx_word' id='word_1_260' title='bbox 1210 2202 1373 2247; x_wconf 86' lang='lat' dir='ltr'>(Perficit</span> 
     </span>
     <span class='ocr_line' id='line_1_34' title="bbox 28 2245 1372 2294; baseline 0.002 -13"><span class='ocrx_word' id='word_1_261' title='bbox 28 2247 66 2281; x_wconf 87' lang='lat' dir='ltr'>et</span> <span class='ocrx_word' id='word_1_262' title='bbox 85 2245 220 2282; x_wconf 85' lang='lat' dir='ltr'>tribuit</span> <span class='ocrx_word' id='word_1_263' title='bbox 239 2246 329 2281; x_wconf 88' lang='lat' dir='ltr'>deus</span> <span class='ocrx_word' id='word_1_264' title='bbox 349 2248 386 2282; x_wconf 81' lang='lat' dir='ltr'>et</span> <span class='ocrx_word' id='word_1_265' title='bbox 399 2246 505 2282; x_wconf 86' lang='lat' dir='ltr'>labor</span> <span class='ocrx_word' id='word_1_266' title='bbox 525 2246 648 2282; x_wconf 84' lang='lat' dir='ltr'>omnia</span> <span class='ocrx_word' id='word_1_267' title='bbox 668 2246 794 2287; x_wconf 85' lang='lat' dir='ltr'>nobis;</span> <span class='ocrx_word' id='word_1_268' title='bbox 813 2248 816 2293; x_wconf 73' lang='grc' dir='ltr'>Ι</span> <span class='ocrx_word' id='word_1_269' title='bbox 834 2246 968 2282; x_wconf 84' lang='lat' dir='ltr'>Nullus</span> <span class='ocrx_word' id='word_1_270' title='bbox 988 2247 1027 2282; x_wconf 90' lang='lat' dir='ltr'>in</span> <span class='ocrx_word' id='word_1_271' title='bbox 1048 2249 1135 2283; x_wconf 87' lang='lat' dir='ltr'>orbe</span> <span class='ocrx_word' id='word_1_272' title='bbox 1162 2248 1268 2284; x_wconf 83' lang='lat' dir='ltr'>labor</span> <span class='ocrx_word' id='word_1_273' title='bbox 1287 2261 1372 2294; x_wconf 90' lang='lat' dir='ltr'>pro-</span> 
     </span>
     <span class='ocr_line' id='line_1_35' title="bbox 28 2293 1372 2341; baseline 0.002 -14"><span class='ocrx_word' id='word_1_274' title='bbox 28 2293 107 2328; x_wconf 86' lang='lat' dir='ltr'>ficit</span> <span class='ocrx_word' id='word_1_275' title='bbox 133 2293 273 2338; x_wconf 82' lang='lat' dir='ltr'>absque</span> <span class='ocrx_word' id='word_1_276' title='bbox 292 2294 389 2337; x_wconf 85' lang='lat' dir='ltr'>deo).</span> <span class='ocrx_word' id='word_1_277' title='bbox 433 2293 634 2329; x_wconf 89' lang='lat' dir='ltr'>XXXVIII.</span> <span class='ocrx_word' id='word_1_278' title='bbox 655 2293 810 2328; x_wconf 84' lang='lat' dir='ltr'>XXXIX</span> <span class='ocrx_word' id='word_1_279' title='bbox 830 2293 959 2330; x_wconf 81' lang='lat' dir='ltr'>eadem</span> <span class='ocrx_word' id='word_1_280' title='bbox 980 2295 1056 2330; x_wconf 77' lang='lat' dir='ltr'>fere</span> <span class='ocrx_word' id='word_1_281' title='bbox 1077 2306 1170 2340; x_wconf 81' lang='lat' dir='ltr'>quae</span> <span class='ocrx_word' id='word_1_282' title='bbox 1197 2295 1372 2341; x_wconf 81' lang='lat' dir='ltr'>leguntur</span> 
     </span>
     <span class='ocr_line' id='line_1_36' title="bbox 25 2339 790 2386; baseline 0.003 -13"><span class='ocrx_word' id='word_1_283' title='bbox 25 2339 67 2374; x_wconf 85' lang='lat' dir='ltr'>in</span> <span class='ocrx_word' id='word_1_284' title='bbox 93 2339 254 2375; x_wconf 78' lang='lat' dir='ltr'>editione</span> <span class='ocrx_word' id='word_1_285' title='bbox 280 2339 552 2376; x_wconf 79' lang='lat' dir='ltr'>Froehneriana</span> <span class='ocrx_word' id='word_1_286' title='bbox 577 2353 612 2386; x_wconf 85' lang='lat' dir='ltr'>p.</span> <span class='ocrx_word' id='word_1_287' title='bbox 640 2344 790 2376; x_wconf 81' lang='lat'>50—54.</span> 
     </span>
    </p>
   </div>
   <div class='ocr_carea' id='block_1_8' title="bbox 1112 2401 1160 2435">
    <p class='ocr_par' dir='ltr' id='par_1_9' title="bbox 1112 2401 1160 2435">
     <span class='ocr_line' id='line_1_37' title="bbox 1112 2401 1160 2435; baseline 0 -13"><span class='ocrx_word' id='word_1_288' title='bbox 1112 2401 1160 2435; x_wconf 58' lang='lat'>223</span> 
     </span>
    </p>
   </div>
  </div>
 </body>
</html>
