1635 2632
679 109 971 149 —24—

158 230 265 270 opus
300 217 376 268 est,
408 214 747 269 quandoquidem
779 228 866 255 non
898 213 1037 254 solum
1069 213 1114 254 in
1146 213 1326 268 prologo
1355 213 1427 254 sed
1453 213 1498 255 in

156 274 251 329 ipsa
284 287 453 327 quoque
483 272 633 314 fabula
658 287 805 313 uersus
839 272 1041 326 leguntur
1073 271 1144 326 qui
1176 272 1307 312 talem
1336 271 1496 313 exitum

159 335 350 387 spectare
378 332 616 385 uideantur,
648 331 766 372 uelut
792 346 830 371 u.
857 330 961 371 206:
995 329 1167 371 ‘Luctus
1195 344 1319 383 saepe
1352 330 1495 384 grauis

157 392 245 432 risu
278 390 490 445 contingit
520 389 652 430 inani'
687 393 728 431 et
759 404 826 430 uu.
859 389 942 430 207
978 391 1020 429 et
1051 388 1148 442 208,
1180 403 1217 429 u.
1245 389 1348 430 257:
1381 387 1497 430 ‘Non

158 463 258 490 curo
291 449 424 489 uerba
456 448 562 489 mihi
589 448 624 489 si
657 448 852 489 dicuntur
879 446 1060 500 acerba’‚
1091 461 1130 488 u.
1156 447 1258 488 282:
1293 446 1372 487 ‘Tu
1393 447 1498 488 mihi

165 507 393 549 coniuncta
423 509 634 561 postpone
661 506 851 561 pericula
878 504 1045 547 cuncta'
1067 520 1100 546 e.
1122 520 1157 559 q.
1180 520 1210 546 s.
1259 505 1318 546 Hi
1351 519 1498 546 uersus

158 565 353 620 quamuis
381 566 487 606 bene
515 568 630 606 stent
656 579 731 619 per
757 579 818 619 se,
856 567 1003 605 tamen
1035 565 1256 619 grauiores
1289 564 1397 605 fiunt
1427 563 1499 604 ad·

158 625 245 666 dito
280 624 395 665 exitu
425 624 626 665 tristiore.

247 681 409 723 Versus
450 685 593 723 autem
631 682 694 722 illi
733 681 953 723 duodecim
999 681 1184 735 primum
1230 681 1387 735 legenti
1428 681 1498 722 ab·

157 740 326 795 ruptius
371 741 628 795 breuiusque
666 739 768 782 dicti
806 754 899 781 esse
937 740 1133 780 uidentur
1177 754 1304 794 quam
1344 739 1499 794 reliqui

158 799 284 841 huius
324 799 586 853 comoediae,
624 799 685 840 ita
717 803 763 840 ut
795 798 1001 854 cogitatio
1033 798 1111 839 fiat
1148 812 1250 838 num
1283 813 1308 838 a
1339 797 1498 839 lectore

159 857 344 912 quodam
389 860 540 912 postea
579 857 711 898 additi
754 858 841 898 sint
881 857 933 898 ad
972 856 1268 911 complendam
1314 856 1498 898 auctoris

158 915 515 971 pollicitationem
552 916 598 956 in
635 930 761 957 uersu
801 916 857 958 34
896 915 1067 956 factam.
1137 913 1217 955 Sed
1259 915 1498 956 accuratius

158 974 404 1029 inspicienti
447 989 546 1016 mox
590 974 865 1016 manifestum
917 974 998 1015 erit
1042 975 1259 1014 auctorem
1303 976 1499 1014 nostrum

161 1033 278 1088 ipsas
304 1048 371 1074 res
398 1033 652 1074 breuissime
680 1047 890 1086 enarrare,
922 1032 1186 1073 uberrimum
1214 1045 1305 1072 esse
1331 1031 1375 1072 in
1401 1031 1499 1072 affe-

161 1091 303 1133 rendis
330 1091 611 1141 sermonibus,
639 1091 688 1133 ef.
715 1107 782 1133 uu.
806 1092 889 1132 170
904 1105 1006 1145 sqq„
1036 1091 1118 1132 196
1135 1105 1237 1144 sqq„
1263 1090 1359 1132 285.
1400 1089 1500 1131 Dia-

159 1151 283 1205 logus
318 1153 460 1191 autem
500 1151 631 1191 etiam
663 1150 708 1190 in
740 1150 801 1191 eis
843 1150 1035 1190 uersibus
1075 1149 1148 1203 qui
1180 1151 1376 1190 secuntur
1406 1148 1500 1190 fuse

161 1209 333 1263 lateque
362 1208 597 1250 decurrisse
618 1208 797 1249 uidetur.
839 1207 1031 1256 Quadrat
1049 1208 1183 1262 igitur
1209 1207 1312 1248 haec
1333 1221 1500 1262 quoque

159 1282 260 1321 pars
289 1267 340 1309 ad
365 1267 569 1308 narrandi
595 1267 808 1308 rationem
835 1281 961 1321 quam
982 1269 1076 1308 tota
1095 1265 1241 1307 fabula
1261 1265 1500 1307 adhibitam

162 1340 253 1367 esse
286 1325 478 1366 uidemus
511 1328 554 1367 et
585 1326 693 1367 bene
721 1325 896 1379 respicit
922 1325 973 1366 ad
1001 1325 1227 1379 prologum
1254 1327 1296 1366 et
1322 1324 1500 1366 indicari

162 1384 332 1425 uidetur
363 1384 561 1425 uersibus
593 1384 812 1425 nonnullis
846 1383 917 1437 qui
950 1383 1216 1424 antecedunt.

250 1441 332 1484 Sed
364 1445 508 1496 potest
540 1442 644 1484 olim
676 1442 807 1483 fuisse
838 1441 988 1483 fabula
1018 1442 1116 1482 inde
1147 1457 1171 1482 a
1198 1455 1325 1482 uersu
1351 1441 1407 1482 35
1433 1455 1500 1482 us-

161 1515 242 1555 que
270 1501 321 1541 ad
346 1515 516 1542 uersum
545 1501 630 1542 285
661 1525 710 1530 —
740 1501 807 1542 cui
833 1500 1071 1542 sententiae
1097 1515 1121 1541 a
1153 1499 1296 1542 codice
1322 1499 1501 1540 Halber-

161 1559 353 1601 stadensi
364 1558 396 1613 1)
423 1560 714 1600 adiumentum
735 1559 878 1614 parari
897 1574 982 1600 non
1010 1559 1134 1600 credo
1153 1583 1223 1612 —,
1243 1573 1501 1612 quamquam

160 1617 287 1658 huius
320 1622 620 1683 argumentum
654 1618 884 1659 secundum
915 1621 1111 1659 nostrum
1143 1617 1346 1658 iudicium
1377 1617 1503 1658 ualde

162 1676 270 1717 exile
308 1676 531 1729 minusque
568 1691 713 1717 rarum
744 1675 914 1729 fuisset,
953 1676 1109 1730 quippe
1149 1675 1260 1729 quod
1299 1675 1502 1729 explicari

164 1736 313 1788 posset
344 1734 411 1775 his
445 1734 608 1775 duobus
641 1734 838 1788 Hugonis
869 1734 1212 1788 Trimbergensis
1245 1731 1502 1788 uersibus²):

251 1814 400 1857 ‘swelh
435 1816 537 1857 meit
567 1816 708 1870 nimpt
740 1818 925 1857 tummer
956 1816 1156 1869 knappen
1190 1815 1420 1868 schenken‚

252 1874 318 1915 die
351 1873 423 1915 wil
455 1874 546 1916 sich
580 1874 718 1916 schier
751 1889 804 1916 an
837 1877 935 1915 eren
966 1873 1182 1915 krenken?

160 1955 273 1997 Nam
305 1956 419 2010 quod
450 1971 600 2010 parum
634 1956 813 1998 actionis
845 1956 890 1997 in
927 1955 1076 1997 fabula
1107 1956 1237 2009 inest,
1274 1955 1369 1997 ideo
1402 1970 1501 1997 con-

162 2015 369 2056 iecturam
416 2014 604 2056 refutare
653 2029 740 2057 non
784 2014 901 2069 licet,
953 2014 1163 2069 siquidem
1206 2014 1502 2069 perspeximus

165 2076 383 2115 auctorem
409 2087 496 2115 non
521 2076 610 2114 tam
637 2088 704 2115 res
732 2088 930 2115 enarrare
951 2073 1061 2115 uelle
1088 2087 1216 2127 quam
1242 2072 1282 2113 id
1311 2075 1503 2127 spectare

161 2135 211 2173 ut
249 2131 467 2187 dialogum
506 2131 665 2173 efficiat
701 2132 890 2173 uiuidum
931 2135 974 2173 et
1011 2131 1071 2173 sic
1110 2132 1266 2173 clarius
1303 2131 1504 2173 ostendat

258 2282 292 2325 1)
318 2281 403 2317 uide
429 2281 525 2317 infra
548 2293 584 2326 p.
612 2285 667 2317 36.

257 2331 292 2374 2)
317 2328 462 2363 Renner
487 2340 546 2364 uu.
571 2332 684 2364 12533
700 2341 751 2373 sq.
