1635 2632
669 131 954 172 ..26-

141 236 322 290 dolphus
348 235 513 290 Peiper,
539 235 612 289 qui
639 249 688 276 ex
709 234 969 290 ‘Pamphilo'
995 238 1187 277 nostram
1214 235 1480 278 comoediam

139 294 419 348 compilatam
452 308 542 335 esse
576 293 796 336 contendit
821 308 916 335 cum
949 293 1111 350 dicit¹):
1145 293 1235 335 ‘der
1255 294 1480 336 M‘adchen·

141 353 248 393 Ovid
282 352 350 393 ein
377 352 622 394 schwacher
648 352 888 394 Abklatsch
915 352 987 394 des
1014 352 1196 394 fiberaus
1223 353 1480 394 beriihmten

138 411 418 466 Pamphilus'.
485 410 581 467 Ego
619 412 867 465 priusquam
906 425 1113 465 exponam
1156 414 1302 452 utrum
1341 410 1483 452 ‘Pam-

138 470 296 524 philus'
329 470 569 523 exemplum
600 469 731 510 fuerit
762 469 919 511 ‘nuntii
945 468 1127 524 sagacis’
1160 484 1215 511 an
1245 469 1361 511 illius
1393 469 1475 524 hic,

139 529 337 581 colligam
383 528 537 583 quibus
581 529 709 569 rebus
754 528 945 570 carmina
988 530 1100 569 inter
1138 543 1181 570 se
1223 531 1478 582 congruant.

138 588 187 628 In
229 590 412 641 utroque
456 587 622 628 iuuenis
661 587 818 628 amoris
857 587 943 628 telo
982 587 1257 628 uulneratum
1301 601 1345 628 39
1389 601 1509 628 esser

139 647 331 700 queritur
350 645 542 700 petitque
564 646 769 687 auxilium
788 646 878 687 illic
900 661 924 687 a
945 645 1123 698 Venere,
1144 660 1251 699 quae
1273 645 1480 700 sagittam

138 704 254 745 cordi
287 718 361 745 suo
393 704 599 758 infixerit,
635 704 705 746 hic
738 719 763 745 a
793 704 972 759 Iunone,
1010 704 1223 758 Minerua,
1255 702 1477 759 Venere.²)

136 762 237 804 Mox
264 766 309 803 ut
335 763 502 816 puellae
530 763 719 804 animum
740 763 823 804 sibi
844 763 1042 805 conciliet
1068 763 1156 804 11119
1178 763 1315 804 mittit
1334 777 1477 816 anum,

137 822 204 863 hic
241 821 440 862 nuntium
481 822 604 862 illum
643 835 854 877 sagacem.
916 821 997 869 Qui
1034 823 1292 876 interpretes
1326 820 1476 862 eodem

137 880 263 921 modo
296 880 461 921 iuuenis
493 880 660 921 libidini
685 880 900 935 uirginem
933 880 1120 921 tradunt.
1171 879 1286 921 Nam
1313 894 1407 920 cum
1436 880 1475 920 ei

135 938 427 992 persuaserint
445 938 554 979 nihil
574 938 810 980 timendum
832 953 923 980 esse
945 937 1074 994 (conf.
1094 938 1271 993 Pamph.
1292 937 1433 979 XLIV
1452 940 1474 980 1

137 1000 179 1038 et
200 999 243 1038 2:
272 996 354 1038 eSit
378 997 510 1039 timor
529 997 609 1038 iste
630 997 793 1051 procul,
818 997 901 1039 tibi
920 1012 1007 1039 non
1030 1000 1095 1038 est
1117 1011 1244 1038 causa
1269 996 1471 1048 timoris‚3

136 1055 215 1097 His
242 1056 368 1096 rebus
395 1070 614 1110 nunquam
641 1056 835 1110 proditor
855 1056 969 1097 ullus
991 1055 1086 1097 erit’
1109 1059 1152 1097 et
1171 1055 1222 1096 N.
1245 1055 1286 1097 S.
1307 1070 1346 1096 11.
1362 1052 1480 1110 140),

138 1114 354 1156 adducunt
387 1129 480 1155 eam
506 1115 557 1155 ad
590 1129 768 1168 puerum
795 1115 1017 1168 solamque
1043 1114 1255 1155 relincunt
1281 1113 1480 1169 (Pamph.

135 1172 236 1214 LIV
278 1175 396 1226 1sq.:
433 1172 518 1214 ‘Me
555 1173 697 1214 uicina
734 1175 881 1226 uocat,
918 1173 1071 1227 loquar
1108 1172 1175 1214 illi
1211 1173 1382 1227 iamque
1418 1185 1480 1213 re-

137 1236 293 1285 uertar,
322 1230 327 1287 l
355 1230 468 1272 Nam
499 1232 628 1273 nimis
655 1232 736 1273 1109
762 1246 925 1286 uereor,
957 1232 1038 1273 huc
1070 1231 1197 1273 modo
1229 1245 1283 1273 ne
1313 1229 1477 1272 ueniat'

136 1294 178 1331 et
204 1289 255 1332 N.
285 1289 325 1332 S.
352 1306 390 1331 u.
421 1289 537 1345 176).
593 1289 773 1345 Virgine
805 1305 906 1332 uero
940 1304 1185 1345 compressa
1217 1304 1313 1332 cum
1339 1303 1479 1330 reuer-

135 1352 293 1404 terunt,
320 1349 520 1390 lacrimas
547 1348 636 1390 eius
659 1349 803 1390 mirari
824 1363 868 1390 se
889 1349 1096 1390 simulant
1117 1347 1314 1404 (Pamph.
1334 1346 1479 1388 LVIII

137 1408 268 1449 3—5:
311 1406 430 1463 ξ6111,
461 1407 689 1460 Galathea,
730 1410 805 1449 tuo
839 1408 1077 1462 corrumpis
1108 1407 1272 1448 lumina
1302 1406 1435 1447 fietu?
1471 1404 1475 1460 Ι

136 1465 271 1514 Quem
298 1466 404 1507 mihi
431 1466 719 1520 demonstras,
743 1466 814 1507 hic
841 1467 958 1508 color
983 1466 1092 1507 unde
1114 1463 1285 1521 uenit?}
1310 1465 1478 1506 Absens

136 1525 235 1566 dum
274 1525 457 1579 fueram,
497 1525 597 1579 quid
635 1528 776 1566 tecum
807 1524 1062 1579 Pamphilus
1095 1522 1237 1580 egit?'
1277 1526 1320 1565 et
1351 1522 1404 1564 N.
1437 1521 1478 1565 S.

135 1599 205 1624 uu.
237 1585 324 1625 204
344 1583 424 1638 sq.)
486 1583 722 1638 Postquam
761 1586 906 1625 autem
946 1584 1006 1625 eis
1044 1583 1318 1625 maledictum
1356 1584 1422 1623 est
1453 1596 1479 1623 a

135 1642 320 1697 uirgine,
353 1644 557 1683 excusant
583 1657 627 1683 se
654 1640 851 1697 (Pamph.
878 1641 955 1683 LX
982 1643 1024 1684 1:
1057 1641 1276 1696 ‘Increpor
1308 1640 1477 1694 iniuste,

136 1701 285 1754 procul
317 1700 397 1742 hoc
429 1700 537 1741 mihi
569 1701 728 1742 crimen
755 1699 977 1754 abest<o>'
1011 1703 1053 1742 et
1080 1700 1132 1742 N.
1159 1699 1201 1741 S.
1228 1715 1267 1741 u.
1294 1697 1400 1753 210)
1433 1700 1478 1740 et

133 1759 294 1814 uirgini
338 1759 545 1800 maerenti
583 1757 779 1815 (Pamph.
811 1758 933 1800 LXII
965 1759 1010 1800 9:
1054 1758 1158 1800 ‘Sed
1205 1758 1331 1799 modo
1376 1757 1477 1811 quid

133 1817 318 1859 faciam?
345 1817 509 1871 fugiam
537 1817 709 1871 captiua
733 1832 810 1871 per
831 1816 1039 1870 orbem‘P',
1062 1818 1131 1858 12:
1161 1815 1310 1858 ‘Laeta
1329 1818 1476 1857 tamen

135 1877 316 1917 miserae
354 1891 451 1931 spes
491 1876 596 1917 mihi
633 1876 754 1917 nulla
785 1874 918 1917 uenit'
958 1878 1000 1917 et
1031 1875 1083 1918 N.
1117 1874 1157 1917 S.
1188 1890 1257 1916 uu.
1289 1874 1373 1916 233
1395 1873 1475 1928 sq.)

132 1934 294 1976 factum
337 1949 390 1976 ne
427 1935 616 1990 grauiter
653 1934 767 1976 ferat
805 1934 985 1976 suadent
1023 1933 1220 1990 (Pamph.
1252 1932 1396 1974 LXIII
1433 1934 1475 1974 1:

135 1992 211 2034 tVt
238 1993 430 2045 grauiter
457 1994 599 2035 doleat
623 2007 710 2035 non
734 1993 922 2047 pertinet
947 1993 998 2034 ad
1020 1991 1278 2048 sapientem’
1300 1994 1343 2032 et
1362 1990 1415 2032 N.
1436 1989 1476 2032 S.

133 2067 171 2093 11.
205 2052 321 2107 235).

223 2110 289 2151 Ex
303 2110 370 2152 his
386 2110 753 2165 similitudinibus,
775 2124 955 2164 quarum
969 2123 1172 2151 numerus
1186 2109 1312 2151 facile
1328 2108 1477 2163 augeri

232 2262 264 2303 1)
291 2260 428 2295 Archiv
455 2261 478 2295 f.
505 2260 834 2305 Litteraturgesch.
861 2261 894 2295 V
919 2272 952 2304 p.
981 2263 1060 2295 539.

229 2311 264 2352 2)
289 2306 575 2342 Animaduertas
601 2307 776 2343 aduocari
797 2308 977 2343 Venerem
1005 2308 1134 2341 contra
1158 2306 1331 2342 Amorem
1357 2304 1476 2341 nomi-

134 2354 286 2398 narique
313 2353 408 2389 inter
435 2365 495 2389 eas
522 2355 666 2399 puellas
693 2366 783 2399 quas
809 2353 999 2400 subegerit
1024 2352 1208 2399 Cupidini.
