1635 2632
370 350 710 400 Sententiae
748 352 1181 399 controuersae.

194 456 226 498 Ι.
258 456 418 498 Lucan.
443 457 493 498 de
519 456 631 498 bello
659 456 737 497 ciu.
764 455 838 497 lib.
864 454 884 495 I
910 470 950 496 u.
974 454 1057 497 208
1086 455 1334 496 scribendus
1362 457 1445 496 est:

316 516 417 557 Mox
442 516 516 558 ubi
548 530 592 557 se
626 529 776 556 saeuo
805 514 1048 556 stimulauit
1075 514 1254 556 uerbere
1281 513 1452 556 caudae.

315 575 430 616 libri:
476 589 638 615 saeuae.

171 633 228 676 II.
259 634 360 675 ibid.
394 648 431 675 u.
462 633 547 675 478
579 633 692 687 lege:

315 692 499 746 Agmine
546 706 634 734 non
680 706 782 742 uno,
826 690 997 732 densis
1041 690 1233 732 incedere
1279 690 1444 732 castris.

313 751 432 792 libri:
466 751 703 804 densisque.
889 766 892 768 ’

150 810 230 852 ΠΙ.
260 810 362 851 ibid.
393 824 432 850 u.
465 810 550 851 603
584 809 762 851 scribas:

313 868 374 909 Ek
407 867 547 909 Salius
586 869 733 909 laeuo
773 870 949 922 portans
989 867 1143 909 ancilia
1181 868 1304 910 collo.

255 927 374 968 libri:
412 927 540 969 laeto.

157 985 228 1028 IV.
262 986 363 1027 ibid.
385 986 457 1026 lib.
477 985 542 1027 IV
562 1001 630 1027 uu.
651 986 733 1027 641
759 988 800 1026 et
821 986 906 1027 642
926 985 1235 1040 transponendi
1254 989 1354 1027 sunt
1374 986 1452 1028 sic:

320 1045 404 1086 642
446 1043 610 1100 Sponte
655 1045 768 1085 cadit
814 1045 1034 1099 maiorque
1079 1047 1252 1099 accepto
1297 1045 1451 1086 robore

1310 1118 1382 1145 sur
1413 1104 1448 1144 it

318 1163 401 1204 641
442 1161 544 1203 Non
583 1162 842 1216 exspectatis
876 1162 1069 1204 Antaeus
1102 1162 1266 1204 uiribus
1298 1117 1453 1205 hostgis.

174 1220 227 1262 V.
259 1221 360 1263 ibid.
392 1221 462 1262 lib.
494 1219 579 1262 VH
610 1236 677 1262 uu.
711 1221 797 1263 340
830 1235 890 1287 sq.
924 1221 1103 1262 scribas:

396 1313 439 1320 ..
480 1282 684 1333 'tantoque
723 1280 818 1321 duci
856 1279 916 1321 sic
955 1294 1074 1321 arma
1106 1280 1278 1321 timeri

314 1337 449 1379 Omen
481 1340 598 1380 erat.

254 1397 370 1438 libri:
403 1397 566 1438 timere.

152 1455 223 1497 VI.
257 1456 358 1497 ibid.
389 1471 457 1498 uu.
488 1456 576 1497 490
610 1470 668 1509 sq.
701 1468 914 1510 propono:

464 1513 583 1555 Odiis
617 1514 734 1556 solus
767 1514 964 1556 ciuilibus
999 1514 1111 1556 ensis

314 1571 481 1614 Sufficit
520 1575 563 1614 et
595 1572 767 1614 demas
800 1573 996 1615 Romana
1032 1573 1078 1614 in
1119 1573 1285 1616 uiscera
1323 1574 1446 1617 duci.

256 1631 376 1672 libri.
410 1631 538 1672 ducib.

127 1688 224 1730 VII.
255 1689 366 1730 Plat.
399 1687 569 1731 Oharm.
612 1705 652 1744 p.
687 1690 768 1731 167
791 1689 829 1730 A
862 1690 977 1745 lego:

311 1746 383 1789 καὶ
416 1749 534 1790 ἔστιν
561 1748 615 1801 δὴ
641 1753 794 1789 τοῦτο
822 1754 1075 1802 σωφρονεῖν
1100 1763 1145 1790 τε
1170 1747 1242 1791 καὶ
1268 1760 1444 1805 σωφρο-

311 1806 423 1860 σύνη
467 1807 521 1848 τὸ
567 1805 725 1848 ἑαυτὸν
774 1806 910 1847 αὐτὸν
953 1807 1215 1860 γιγνώσκειν
1259 1807 1345 1849 καὶ
1388 1810 1443 1850 τὸ

311 1864 476 1906 εἰδέναι
507 1865 534 1906 ἅ
565 1881 609 1906 τε
642 1861 764 1906 οἶδεν
795 1863 867 1906 καὶ
900 1864 925 1905 ἃ
956 1866 1014 1919 μὴ
1048 1862 1180 1907 οἶδεν.
1466 1872 1469 1875 ’

250 1923 368 1964 libri:
400 1929 530 1966 τοῦτο
561 1925 610 1966 τὸ
647 1948 696 1954 -
731 1921 804 1964 καὶ
834 1924 882 1965 τὸ
920 1947 968 1953 —
1003 1924 1064 1965 τὸ.

104 1981 220 2023 VIII.
253 1982 354 2023 ibid.
387 1997 426 2036 p.
462 1983 600 2025 168ss
633 1983 678 2024 in
717 1983 939 2024 enuntiato
978 1981 1050 2024 καὶ
1087 1983 1170 2038 γὰρ
1209 1983 1258 2024 τὸ
1296 1986 1442 2039 μεῖζόν

311 2057 456 2095 φαμεν
475 2042 684 2095 τοιαύτην
703 2042 802 2082 τινὰ
822 2043 936 2096 ἔχειν
964 2042 1170 2096 δύναμιν,
1195 2042 1304 2085 ὥστε
1323 2044 1443 2093 τινὸς

311 2096 423 2141 εἶναι
443 2102 590 2154 μεῖζον
607 2099 808 2141 ultimum
828 2100 1084 2142 uocabulum
1099 2102 1244 2155 μεῖζον
1260 2101 1442 2144 secludo.

149 2157 224 2200 IX.
257 2157 342 2200 Cic.
363 2157 414 2200 de
437 2173 482 2200 re
508 2158 681 2213 publica
703 2159 776 2200 lib.
795 2158 816 2199 I
840 2173 929 2213 cap.
949 2158 1132 2200 XXXVI
1156 2161 1181 2211 ἓ
1203 2160 1258 2202 56
1283 2160 1440 2202 scribo:

308 2217 414 2258 haec
463 2218 507 2258 in
558 2231 700 2258 errore
744 2217 1026 2272 inperitorum
1077 2219 1219 2272 posita
1263 2233 1354 2260 esse
1399 2222 1440 2260 et

308 2274 556 2317 fabularum
588 2275 746 2316 similia
780 2275 1006 2318 dicimus.

249 2333 397 2375 codex:
432 2334 665 2376 didicimus.
