1614 2658
666 113 950 154 „29-

133 221 418 263 ostendantur
447 218 610 276 (LXIII
644 220 715 261 10:
748 218 881 260 <Haec
912 222 988 260 tua
1021 219 1077 260 sit
1111 219 1293 261 coniunx
1324 219 1474 273 uirque

141 280 198 321 sit
229 280 310 321 iste
341 278 487 335 tuus'),
519 279 588 320 hic
614 279 737 333 uirgo
765 277 938 319 domum
965 280 1216 328 reuertatur.
1271 278 1484 332 Equidem

139 339 274 393 igitur
300 338 444 391 credo,
474 337 518 379 id
551 337 662 392 quod
697 336 990 378 demonstrare
1021 351 1204 391 nequeo,
1237 335 1484 391 ‘Pamphili’

146 399 364 438 auctorem
396 396 536 437 nostri
567 395 766 437 carminis
799 395 956 449 legisse
988 410 1057 437 uu.
1090 395 1294 437 35—285
1327 410 1485 450 eosque

141 470 234 496 esse
278 455 507 510 genuinam
547 453 612 495 ede
650 454 800 495 nuntio
840 454 998 508 sagaci’
1037 454 1313 495 comoediam.
1375 454 1486 496 Huic

143 513 398 566 comoediae,
430 528 556 568 quam
582 513 625 554 in
659 512 816 554 scholis
848 515 1081 554 tractatam
1116 527 1206 554 esse
1238 527 1314 566 per
1338 512 1487 568 Hugo-

141 587 239 613 nem
280 571 695 627 Trimbergenseml)
735 572 910 624 scimus,
953 571 1138 613 fortasse
1177 571 1277 612 dum
1317 586 1486 626 compa-

141 634 262 672 ratur
301 645 396 672 cum
431 629 696 684 ‘Pamphilo'
733 654 782 659 ——
818 630 922 671 haec
964 631 1077 671 enim
1115 631 1304 672 carmina
1345 630 1486 672 medio

138 689 228 731 iam
265 704 369 731 aeuo
403 693 652 742 comparata
685 703 775 730 esse
803 688 908 729 mihi
939 689 1148 741 probatur
1181 689 1292 743 quod
1321 689 1373 730 ab
1400 688 1488 730 Hu-

144 762 253 803 gone
299 748 446 789 statim
489 751 590 801 post
638 746 953 802 ‘Pamphilum'
996 747 1244 789 nominatur
1288 747 1488 789 ‘Ouidius

142 805 402 861 puellarum'
436 831 490 835 —
523 821 547 846 a
580 806 789 860 discipulo
824 805 1050 861 quodam2)
1090 806 1158 847 uel
1190 806 1400 861 magistro
1435 806 1488 848 ad

151 865 477 906 similitudinem
505 865 744 919 augendam
772 865 961 906 adiectus
990 868 1054 906 est
1080 865 1286 920 prologus
1313 865 1386 906 ille
1413 865 1489 906 mi-

149 938 228 965 nus
251 924 448 965 sollerter
469 924 749 978 conscriptus,
775 923 838 964 ita
862 926 910 964 ut
935 923 977 964 id
1003 923 1092 964 fere
1113 923 1352 965 efficeretur
1378 924 1490 978 quod

149 982 330 1024 dicimus
357 981 863 1036 ‘Rahmen-Erztihlung’.
909 982 1065 1039 Eostea
1091 997 1188 1023 cum
1214 984 1492 1038 cognouisset

147 1041 331 1096 prologo
364 1041 575 1095 postulari
604 1044 652 1082 ut
684 1055 750 1082 res
776 1055 904 1095 porro
931 1043 1202 1099 tractaretur,
1229 1042 1374 1095 coepit
1400 1041 1491 1096 qui-

148 1099 244 1140 dam
271 1099 461 1141 fabulam
483 1101 730 1141 continuare
750 1114 827 1141 nec
853 1103 997 1140 tamen
1022 1100 1213 1154 perfecit,
1240 1103 1282 1141 et
1307 1100 1491 1142 fortasse

148 1161 252 1199 tunc
279 1159 448 1199 demum
476 1158 612 1200 additi
639 1161 738 1199 sunt
765 1158 803 1199 ei
828 1173 976 1199 uersus
1005 1173 1110 1213 quos
1137 1159 1308 1200 tristem
1330 1159 1490 1200 exitum

144 1217 397 1271 portendere
425 1217 522 1258 dixi.
573 1216 741 1259 Certius
768 1231 869 1258 uero
899 1217 1035 1258 adhuc
1057 1218 1190 1258 statui
1218 1232 1343 1271 posse
1365 1232 1490 1272 nego,

147 1276 248 1329 quia
274 1289 441 1316 carmen
473 1275 704 1317 inscholis
736 1276 980 1316 lectitatum
1011 1275 1195 1317 fortasse
1222 1291 1297 1330 per
1326 1276 1493 1330 aliquot

145 1334 315 1375 saecula
349 1335 451 1388 quin
476 1335 600 1376 ualde
628 1337 866 1375 mutaretur
897 1334 991 1375 fieri
1018 1349 1104 1376 non
1130 1337 1312 1388 poterat.

247 1462 281 1505 1)
306 1460 521 1505 Registrum
547 1460 746 1495 multorum
774 1463 965 1496 auctorum
993 1472 1052 1495 uu.
1083 1464 1280 1496 730—737.

245 1510 280 1551 2)
304 1506 395 1542 Vide
411 1518 504 1551 quae
523 1507 696 1542 disseruit
710 1507 875 1552 E.Voigt
888 1508 927 1542 in
943 1507 1105 1542 ‘MitteiL
1122 1508 1155 1543 d.
1171 1508 1253 1543 Ges.
1271 1508 1296 1542 f.
1315 1508 1494 1544 deutsche

149 1554 308 1589 Erzieh.—
335 1567 369 1589 u.
398 1554 651 1599 Schulgesch.'
681 1554 696 1587 Ι
724 1559 740 1588 1
768 1567 803 1599 p.
824 1559 868 1589 48
885 1566 938 1599 sq.
