1614 2658
557 137 865 177 —17-

38 243 129 284 siue
162 257 313 284 sonare
345 243 505 296 queant
538 241 751 297 (Explicit
779 240 785 295 Ι
818 241 975 295 Incipit
1006 240 1109 283 Vita
1141 241 1385 296 01111111.-

38 302 89 343 F.
121 302 194 344 32⁶
224 315 403 343 uacuum
434 304 502 342 est.

128 360 193 401 De
226 359 391 413 origine
422 359 551 401 huius
585 358 688 399 libri
722 360 826 400 certi
862 359 1091 413 quidquam
1123 359 1387 415 inuestigme

39 419 226 473 nequiui.
292 417 494 459 Fortasse
539 420 683 458 autem
722 432 854 459 unum
893 433 942 458 ex
979 418 1067 459 illis
1107 418 1240 472 signis
1279 433 1385 472 quae

39 477 198 519 chartis
236 477 446 531 impressa
485 478 585 517 sunt
624 499 673 505 —
710 490 867 517 corona
904 491 999 517 cum
1037 477 1127 518 lilio
1160 476 1386 518 coniuncta

39 560 97 566 -—
129 535 342 590 originem
373 534 534 576 indicat
568 534 933 589 francogallicam.
983 535 1102 576 Inter
1135 538 1387 576 ornamenta

38 594 327 650 xylographa,
372 593 525 648 quibus
566 593 718 634 titulus
759 593 963 648 cingitur,
1010 597 1177 635 scutum
1215 593 1385 634 uidetur

41 653 94 694 ab
127 653 367 708 insignibus
400 666 581 693 uacuum
610 652 734 705 quale
766 651 854 693 fere
886 653 998 693 inest
1022 652 1068 693 in
1094 651 1286 706 ς1311)(5011,
1319 653 1385 693 die

39 711 506 753 Bucher-Ornamentik
539 710 613 751 der
637 710 937 752 Renaissance'
964 711 1052 754 tab.
1080 712 1134 753 70
1167 713 1386 765 sumptum

40 785 91 811 ex
128 770 257 824 libro,
300 770 372 824 qui
410 769 573 823 prodiit
605 783 654 810 ex
686 768 896 810 Matthiae
931 768 1142 811 Schuerer
1176 770 1387 825 Argento-

40 829 225 870 ratensis
260 827 442 869 officina.

131 887 247 936 Quae
274 887 533 941 generaliter
561 885 645 926 dixi
673 886 722 926 de
748 886 829 928 hoc
855 886 979 941 libro,
1007 887 1155 928 eadem
1183 887 1265 929 dici
1291 902 1387 941 pos-

43 948 143 987 sunt
175 946 224 987 de
257 945 366 986 lib1o
401 945 474 999 qui
507 946 712 999 sequitur.

133 1002 176 1045 Μ
218 1004 435 1058 exemplar
472 1003 670 1045 editionis
710 1004 898 1045 eiusdem
939 1004 1028 1045 fele
1062 998 1236 1058 aetatis,
1274 1005 1386 1058 quod

43 1066 290 1104 asseruatur
327 1062 372 1103 in
407 1062 672 1103 bibliotheca
710 1063 830 1117 regia
862 1062 1111 1104 Monacensi
1151 1063 1228 1104 sub
1263 1063 1385 1117 signo

43 1121 140 1163 inc.
166 1137 197 1164 s.
224 1137 258 1163 a.
291 1120 417 1162 1379'
421 1154 431 1175 ,
457 1121 567 1162 unde
593 1121 829 1162 liberaliter
854 1121 937 1162 huc
963 1122 1266 1162 transmissum
1294 1122 1385 1175 ipse

42 1181 216 1222 excussi.
269 1180 390 1221 Inter
415 1180 538 1234 signa
564 1193 671 1233 quae
698 1180 860 1220 chartis
886 1180 1096 1233 impressa
1122 1183 1221 1221 sunt
1247 1180 1385 1221 lilium

42 1253 225 1281 coronae
257 1238 474 1280 subditum
507 1240 550 1278 et
582 1238 793 1279 bouillum
827 1241 955 1292 caput
987 1239 1132 1279 eadem
1165 1239 1253 1279 fere
1287 1242 1387 1280 sunt

43 1301 171 1352 atque
203 1298 248 1338 in
278 1297 339 1351 H,
370 1297 633 1350 reliquorum
667 1311 768 1338 uero
799 1322 847 1326 —
878 1311 1060 1339 coronae
1094 1300 1136 1338 et
1168 1297 1303 1338 crucis
1332 1322 1386 1325 —

44 1356 240 1410 exempla
272 1355 499 1397 admodum
533 1355 692 1396 similia
722 1358 895 1410 praesto
928 1355 1036 1396 mihi
1067 1371 1154 1397 non
1187 1359 1297 1397 sunt.
1330 1380 1385 1385 —

43 1414 224 1468 Titulus,
254 1414 568 1468 inscriptiones,
601 1414 940 1469 subscriptiones
972 1415 1175 1468 leguntur
1206 1415 1305 1454 hae:

131 1474 183 1515 F.
206 1477 250 1514 1⁶²
276 1474 356 1514 m..-
383 1472 524 1525 Ouidij
550 1472 727 1513 nasonis
754 1476 880 1526 poete
901 1472 1195 1513 Sulmonensis
1225 1473 1229 1527 Ι
1258 1472 1387 1513 Liber

44 1532 94 1573 de
125 1531 264 1573 tribus
296 1531 452 1586 puellis
492 1535 534 1571 et
566 1530 615 1571 de
648 1532 802 1572 nuncio
843 1530 848 1584 Ι
888 1530 1142 1585 Pamphilus
1174 1534 1304 1584 poeta
1336 1531 1386 1572 de

45 1604 188 1632 amore
221 1589 386 1644 (sagaci
406 1614 464 1618 -—
482 1603 603 1642 super
633 1589 703 1630 hoc
735 1590 850 1631 titulo
876 1590 985 1631 alius
1013 1590 1175 1631 chartae
1199 1589 1387 1631 schedula

42 1650 130 1702 fixa
161 1651 218 1690 est
246 1661 338 1690 cum
361 1648 433 1689 hoc
458 1649 589 1689 indice
613 1648 850 1701 copiosiore:
884 1647 1060 1689 Ouidius
1087 1648 1263 1689 nasonis
1292 1647 1387 1689 Sul-

45 1707 261 1749 monensis
291 1710 420 1760 poeta
452 1706 502 1747 de
534 1706 671 1747 tribus
704 1707 858 1762 puellis
888 1708 892 1760 l
922 1706 1100 1748 Ouidius
1126 1707 1300 1748 nasonis
1334 1707 1384 1747 de

44 1766 190 1821 sagaci
219 1765 373 1807 nuncio
402 1766 407 1816 Ι
437 1764 614 1806 Ouidius
647 1766 818 1807 nasonis
851 1766 901 1806 de
933 1765 1072 1819 pulice
1101 1765 1105 1819 Ι
1133 1764 1387 1819 Pamphilus

44 1827 171 1879 poeta
198 1824 249 1865 de
276 1838 420 1865 amore
447 1821 454 1879 Ι
473 1822 682 1878 'Epistola
702 1824 912 1866 amatoria
932 1823 1107 1865 metrice
1129 1824 1387 1877 conscripta.

49 1907 98 1913 —
146 1882 196 1923 F.
228 1885 294 1924 2³:
339 1881 479 1936 Ouidij
524 1883 697 1923 nasonis
744 1882 1039 1923 Sulmonensis
1084 1885 1210 1936 poete
1254 1882 1387 1922 trium

44 1939 229 1997 puelffilazb
259 1940 389 1982 Liber
420 1940 582 1995 incipit.
614 1964 668 1970 —
702 1941 751 1982 F.
780 1945 846 1982 6‘2:
884 1941 1073 1995 Explicit
1104 1941 1212 1981 liber
1244 1939 1385 1994 Ouidij

47 2000 96 2041 de
123 1999 261 2041 tribus
283 1999 437 2053 puellis
466 1998 470 2052 Ι
498 1998 789 2053 Incipitliber
811 1999 951 2053 Ouidij
975 1999 1024 2040 de
1044 1999 1199 2040 nuncio
1228 1999 1386 2054 sagaci.

48 2083 102 2088 --
124 2057 174 2099 F.
195 2058 258 2099 6⁶:
285 2057 424 2111 Ouidij
451 2057 626 2099 nasonis
652 2055 947 2099 Sulmonensis
975 2059 1100 2111 poete
1128 2057 1177 2097 de
1200 2058 1353 2098 nuncio
1377 2056 1381 2113 ί

47 2117 193 2171 sagaci
224 2115 352 2156 Liber
383 2115 545 2170 incipit.
579 2139 632 2144 —
665 2117 716 2158 F.
749 2117 814 2157 10²>
846 2117 870 2157 l.
902 2119 1104 2157 17—19:
1137 2114 1278 2170 Ouidij
1313 2131 1384 2157 na-

49 2175 164 2216 sonis
198 2174 484 2215 sulmonensis
515 2176 642 2229 poete
675 2175 724 2216 de
758 2175 903 2230 sagaci
931 2177 937 2226 1
965 2175 1120 2216 nuncio
1152 2173 1283 2215 Liber
1315 2189 1384 2215 ex-

47 2234 171 2288 plicit
198 2233 203 2286 1
232 2232 389 2287 Incipit
415 2232 581 2273 ouidius
607 2234 780 2274 nasonis
808 2232 1070 2274 Sulmonens'
1098 2233 1146 2273 de
1175 2234 1180 2283 1
1212 2231 1382 2286 (pulice.

48 2316 104 2320 —
129 2291 181 2333 F.
206 2295 298 2333 11‘1:
330 2290 506 2345 Explcit
539 2291 631 2343 [sic]
665 2291 843 2333 Ouidius
877 2292 925 2332 de
952 2292 1101 2345 pulice.
1134 2315 1192 2320 —
1226 2291 1280 2331 F.
1299 2292 1389 2332 11⁶.-

47 2350 298 2404 Pamphilus
323 2352 452 2403 poeta
484 2350 533 2390 de
561 2365 704 2392 amore
737 2351 920 2392 feliciter
950 2350 1112 2404 incipit.
1150 2374 1198 2379 —-
1233 2349 1284 2391 F.
1310 2350 1390 2392 23⁶

1157 2422 1176 2451 2
