1614 2658
735 141 757 154 ,-

614 150 877 181 -1—

384 247 408 289 ‘.
430 281 437 288 .
458 279 466 288 .
488 282 494 289 .
516 247 601 288 Res
636 247 798 288 comica
827 260 1011 301 namque
1043 248 1213 287 recusat

202 306 309 348 Arte
341 306 560 348 laboratos
595 320 829 360 sermones,
862 306 955 347 sola
986 305 1167 360 requirit

201 365 351 419 Plana,
379 365 491 420 quod
518 365 722 419 explanat
746 364 893 419 paucis
918 378 986 405 res
1012 363 1097 405 ista
1122 362 1282 405 iocosa'

72 425 236 466 elucere
269 423 490 466 contendit
521 424 662 478 ipsum
690 425 907 465 auctorem
939 423 1020 464 hoc
1047 437 1220 464 carmen
1245 437 1412 464 comoe-

73 483 187 524 diam
214 483 424 537 appellari
448 483 650 535 uoluisse,
675 496 842 523 mecum
869 481 1092 532 refutabis,
1119 482 1217 536 quia
1244 481 1326 522 ‘res
1348 496 1414 523 co-

73 541 198 583 mica'
219 540 302 583 ‘res
329 540 488 584 iocosa'
514 555 603 583 non
627 540 740 582 idem
760 540 978 594 significat
998 543 1126 594 atque
1148 539 1414 582 ‘comoediai

73 600 156 641 Sed
188 600 285 655 quia
316 615 405 642 non
438 614 488 641 ex
519 614 718 641 uersuum
750 613 928 640 numero
962 598 1035 640 sed
1062 613 1112 639 ex
1143 613 1299 654 genere
1330 598 1414 640 for-

73 673 225 714 maque
269 659 438 713 poetica
477 660 731 712 argumenta
774 658 964 700 ducenda
1003 661 1119 712 sunt,
1164 658 1297 699 etiam
1335 658 1413 699 hos

72 732 230 772 paucos
261 732 410 759 uersus
442 717 523 759 hoc
554 717 728 758 nomine
761 717 980 771 appellare
1013 731 1141 758 ausus
1175 715 1323 772 sum.1)

191 775 446 831 Separatum
484 775 618 830 igitur
661 775 870 816 habemus
909 775 1225 817 comoediarum
1267 788 1413 829 genus.

70 834 194 883 Quod
219 835 256 876 si
282 834 573 889 statuerimus,
597 835 684 876 iam
710 849 797 876 non
823 834 985 875 frustra
1018 848 1271 888 quaeremus
1300 834 1413 888 apud

71 896 265 936 auctores
291 896 457 935 ueteres
484 893 740 948 exemplum.
780 892 953 934 Horatii
977 893 1088 933 enim
1111 893 1279 948 satirae,
1307 907 1413 947 quas

69 952 162 1006 ipse
207 967 424 994 sermones
461 953 652 1006 uocauit,
696 952 740 992 id
778 952 1018 1005 exemplum
1056 952 1264 1008 praebent
1301 951 1414 1005 quod

70 1010 196 1052 huius
223 1011 392 1066 generis
420 1013 615 1052 auctores
636 1013 804 1052 secutos
825 1025 919 1051 esse
939 1011 1043 1051 mihi
1063 1011 1268 1064 persuasi.
1308 1008 1415 1051 Gon-

70 1070 293 1124 templeris
325 1069 439 1111 enim
469 1069 570 1111 libri
596 1069 617 1110 I
647 1072 723 1111 sat.
751 1070 790 1110 9.
845 1068 1008 1110 Narrat
1034 1069 1095 1110 ibi
1121 1072 1250 1123 poeta
1277 1069 1329 1110 ad
1358 1083 1415 1123 se,

71 1142 167 1169 cum
200 1142 321 1170 sacra
351 1129 424 1170 uia
451 1129 708 1182 ambularet,
741 1128 978 1169 accurrisse
1005 1128 1216 1182 quendam
1243 1128 1414 1169 statim-

71 1201 152 1241 que
179 1201 222 1228 se
249 1187 509 1242 appellasse:
541 1187 657 1241 equid
686 1187 791 1241 agis,
825 1186 1069 1228 dulcissime
1095 1186 1289 1228 rerum‘?'
1342 1186 1413 1228 Se-

70 1246 300 1300 quiturque
322 1246 518 1300 dialogus
539 1248 628 1287 tam
650 1245 838 1299 uiuidus,
863 1248 911 1286 ut
938 1245 1141 1299 quoniam
1162 1246 1414 1299 plerumque

70 1304 165 1358 quis
192 1304 396 1358 loquatur
422 1304 614 1346 additum
639 1318 726 1346 non
753 1306 838 1357 est,
863 1318 1171 1358 nonnunquam
1199 1304 1413 1345 difficilius

71 1362 128 1404 sit
159 1362 427 1418 dignoscere,
459 1363 547 1404 utri
579 1363 710 1404 uerba
737 1363 876 1404 danda
909 1363 996 1404 sint
1021 1360 1152 1418 (sicut
1179 1363 1414 1404 affirmabit

69 1421 264 1475 quisquis
295 1422 378 1463 hoc
409 1436 581 1463 carmen
607 1436 702 1463 cum
728 1421 948 1475 discipulis
979 1422 1289 1475 interpretatus
1317 1420 1414 1477 est).

69 1479 235 1521 Deinde
262 1480 496 1522 occurrisse
520 1480 732 1521 Aristium
759 1480 955 1521 Fuscum.
1007 1479 1295 1536 Similiterque
1323 1481 1413 1522 eius

70 1552 240 1592 quoque
278 1539 392 1580 dicta
428 1538 684 1580 referuntur.
757 1538 967 1587 Quartum
1008 1539 1176 1580 uenisse
1216 1539 1413 1581 aduersa-

69 1598 201 1649 rium,
228 1597 346 1639 cuius
372 1597 618 1638 interuentu
644 1597 851 1638 liberatus
880 1598 936 1638 sit
963 1598 1015 1639 ab
1041 1598 1119 1639 illo
1141 1598 1330 1653 garrulo.
1359 1623 1409 1627 —

70 1655 276 1697 Videmus
320 1655 454 1711 igitur
498 1656 707 1697 comicam
746 1656 1055 1710 ridiculamque
1099 1671 1190 1698 rem
1234 1657 1415 1699 tractari

69 1714 198 1768 plane
237 1714 384 1756 eodem
422 1714 549 1756 modo
590 1729 672 1769 quo
710 1715 755 1755 in
785 1715 854 1756 his
888 1715 1139 1770 comoediis,
1178 1730 1284 1770 quas
1316 1716 1412 1758 ideo

68 1772 364 1815 ‘Horatianas’
404 1773 540 1814 dicere
578 1773 684 1814 mihi
721 1773 866 1828 liceat,
903 1776 952 1815 ut
987 1789 1118 1815 unum
1158 1788 1293 1827 genus
1333 1775 1412 1816 sub

71 1846 155 1873 uno
185 1833 357 1873 nomine
388 1832 758 1887 comprehendam.
811 1830 1008 1875 Concedo
1041 1847 1108 1874 me
1135 1833 1316 1888 elegisse
1349 1848 1414 1875 sa-

68 1890 197 1931 tiram
225 1890 278 1932 ad
303 1890 562 1932 fulciendam
583 1905 721 1932 meam
745 1892 1003 1932 sententiam
1023 1891 1309 1946 aptissimam,
1336 1893 1410 1934 sed

69 1949 260 2003 reliquae
293 1964 461 2004 quoque
493 1949 606 1990 idem
637 1950 843 1991 narrandi
876 1964 1010 2005 genus
1043 1950 1181 2005 magis
1215 1951 1411 1992 minusue

69 2021 172 2060 prae
209 2022 254 2049 se
295 2008 452 2049 ferunt.
522 2007 654 2056 Quam
695 2023 797 2050 uero
835 2009 974 2050 medio
1013 2023 1119 2050 aeuo
1164 2009 1209 2050 in
1250 2009 1413 2051 deliciis

69 2064 201 2107 fuerit
242 2065 450 2107 Horatius
495 2066 722 2121 praecipue
767 2067 999 2108 satirarum
1043 2070 1086 2108 et
1130 2068 1414 2122 epistularum

71 2123 272 2179 scriptor,
303 2124 517 2178 permulta
550 2125 704 2166 docent
734 2124 1040 2181 testimonia.²)
1102 2125 1275 2169 Persius
1310 2143 1411 2182 quo-

71 2197 153 2236 que
185 2185 228 2224 et
252 2182 466 2224 quenalis
500 2183 648 2224 eodem
679 2183 768 2225 fere
801 2185 926 2226 modo
953 2185 1062 2227 uitia
1088 2185 1413 2240 castigauerunt

167 2276 201 2318 1)
229 2274 314 2309 uide
334 2274 375 2309 Ε.
390 2274 515 2319 Voigt,
537 2274 714 2311 Zeitschr.
729 2275 754 2311 f.
771 2275 938 2311 deutsch.
953 2276 1085 2312 Altert.
1106 2281 1150 2312 35
1171 2277 1262 2313 Anz.
1276 2290 1311 2323 p.
1328 2282 1346 2313 7
1359 2290 1414 2323 sq.

164 2323 201 2366 2)
228 2321 321 2357 conf.
343 2332 373 2356 e.
394 2332 423 2358 c.
453 2321 665 2366 ‘epistolam
692 2322 740 2358 ad
765 2322 837 2359 Iac.
858 2324 999 2359 Grimm
1027 2324 1071 2359 de
1091 2323 1227 2360 Ecbasi
1254 2326 1409 2370 captiui’

69 2368 211 2414 (Progr.
238 2368 484 2404 Bilefeldense
510 2379 542 2405 a.
571 2371 686 2415 1841).
