1635 2632
749 109 1003 150 „3—

210 217 465 271 aequalium.
521 214 614 256 Hos
640 229 741 256 uero
769 214 1000 268 scriptores
1034 228 1129 255 cum
1161 227 1228 254 res
1263 213 1555 256 describerent

207 289 413 330 persaepe
446 274 649 315 ridiculas
688 276 730 314 et
766 273 933 314 iocosas
973 272 1015 313 in
1047 272 1308 314 carminibus
1348 287 1456 327 quae
1490 288 1553 314 sa·

208 334 318 375 tirae
351 333 622 386 dicebantur,
655 332 766 387 quod
792 345 950 372 nomen
977 330 1104 372 medii
1131 332 1224 372 aeui
1249 331 1445 373 homines
1479 331 1555 373 du-

211 393 365 435 cebant
397 407 422 433 a
449 390 639 446 Satyris,
671 390 931 432 iocularibus
962 389 1050 431 illis
1076 388 1236 431 Bacchi
1268 390 1556 445 comitibus¹)‚

211 455 254 493 et
296 450 613 505 componebant
651 463 747 490 cum
786 448 945 490 fabulis
985 447 1201 502 satyricis,
1237 449 1353 502 ipsos
1392 463 1556 491 comoe-

211 510 382 551 diarum
411 510 646 564 scriptores
674 508 913 562 appellatos
940 521 1032 548 esse
1058 521 1184 548 nemo
1211 507 1448 549 mirabitur.
1497 507 1557 548 Et

213 569 311 611 hinc
344 569 496 609 melius
522 568 787 622 intellegitur
814 567 912 621 quid
940 566 1022 607 sibi
1048 566 1153 607 uelit
1178 565 1368 607 Isidorus
1393 566 1437 607 in
1463 564 1555 607 Ori-

212 628 361 683 ginum
393 627 493 668 libri
513 626 619 668 VIII
654 641 743 679 cap.
767 626 804 680 7,
836 640 930 667 cum
964 625 1093 667 dicat:
1133 623 1244 666 ‘Duo
1278 629 1378 666 sunt
1399 658 1406 666 .
1431 658 1438 666 .
1459 657 1466 665 .
1488 639 1554 680 ge-

211 701 314 728 nera
346 686 620 738 comicorum,
652 685 695 725 id
728 689 794 726 est
825 688 992 725 ueteres
1025 686 1067 724 et
1097 684 1211 725 noui.
1272 683 1452 725 Veteres
1485 683 1557 737 qui

213 748 256 787 et
288 745 382 787 ioco
414 744 666 786 ridiculares
693 744 950 784 exstiterunt
976 745 1024 783 ut
1049 742 1244 795 Plautus,
1276 742 1451 798 Accius,
1482 742 1557 783 Te-

213 805 390 845 rentius.
453 802 587 857 Noui,
625 802 696 856 qui
734 804 776 843 et
809 800 1010 856 Satyrici,
1048 816 1072 842 a
1111 801 1265 856 quibus
1299 802 1558 855 generaliter

212 863 320 904 uitia
351 864 585 917 carpuntur
615 865 664 902 ut
694 860 886 915 Flaccus,
918 860 1102 914 Persius,
1131 859 1348 901 quenalis
1382 862 1424 901 et
1457 858 1557 902 alii?

217 946 265 951 —
301 921 401 962 Alia
433 920 559 962 huius
593 920 812 962 doctrinae
845 918 1079 973 specimina
1112 918 1261 959 afferre
1300 918 1418 973 nolo,
1458 919 1559 973 quia

213 980 357 1022 omnia
390 994 440 1020 ex
467 979 614 1020 eodem
647 978 766 1020 fonte
797 978 969 1018 fluxisse
1002 977 1218 1031 uidentur3
1251 976 1412 1018 sufficit
1444 977 1558 1031 quod

215 1038 445 1081 statuimus
486 1037 715 1079 satirarum
756 1037 986 1091 scriptores
1032 1036 1162 1077 etiam
1202 1035 1388 1077 comicos
1426 1036 1559 1077 nomi-

213 1101 338 1139 natos
364 1097 544 1150 ideoque
566 1096 719 1137 satiras
751 1096 867 1150 ipsas
900 1095 1073 1136 habitas
1102 1109 1194 1136 esse
1222 1109 1298 1148 pro
1327 1094 1558 1136 comoediis

214 1158 400 1211 itemque
433 1155 624 1198 carmina
658 1154 889 1196 secundum
920 1154 1002 1195 hoc
1035 1154 1274 1207 exemplum
1309 1153 1559 1207 composita.

334 1214 426 1256 Has
458 1214 592 1270 igitur
625 1213 865 1255 comoedias
900 1227 1004 1267 quas
1039 1211 1333 1254 ‘Horatianas'
1367 1211 1454 1252 dixi
1486 1225 1562 1266 per

213 1274 492 1328 monologum
525 1272 794 1314 decurrentes
826 1272 1010 1326 primam
1037 1271 1167 1312 medii
1199 1270 1294 1312 aeui
1326 1270 1562 1312 comoedia-

213 1348 308 1374 rum
341 1333 524 1374 formam
557 1332 688 1372 fuisse
721 1330 898 1385 conicio,
930 1330 976 1371 in
1002 1329 1156 1384 quibus
1187 1344 1264 1384 per
1289 1329 1561 1371 hexametros

220 1415 271 1421 —
305 1391 424 1433 uides
457 1390 527 1431 hic
560 1404 728 1444 quoque
767 1389 878 1430 sicut
914 1389 958 1430 in
996 1388 1232 1444 tragoediis
1265 1387 1561 1429 hexametrum

220 1449 474 1505 primarium
505 1448 637 1490 fuisse
664 1463 836 1490 uersum
870 1472 924 1477 —
957 1448 1066 1489 tales
1098 1447 1187 1488 fere
1213 1461 1281 1487 res
1314 1446 1563 1501 pronuntia-

216 1512 363 1551 rentur
402 1508 549 1563 quales
587 1508 632 1548 in
670 1507 836 1560 fabula,
875 1520 982 1560 quae
1021 1508 1086 1547 est
1124 1505 1197 1547 ‘de
1234 1505 1373 1546 tribus
1407 1503 1562 1546 sociis’.

215 1568 318 1609 Mox
356 1582 458 1609 uero
497 1581 591 1608 cum
627 1565 861 1607 amatoriae
893 1580 960 1606 res
993 1565 1038 1605 in
1069 1564 1174 1606 haec
1208 1564 1397 1605 carmina
1428 1564 1560 1605 intro-

218 1627 369 1668 ductae
402 1628 545 1667 essent
577 1626 696 1666 uelut
729 1627 794 1665 est
830 1624 876 1664 in
909 1623 1077 1664 ‘nuntio
1111 1622 1283 1678 sagaci',
1321 1623 1374 1664 ab
1408 1621 1561 1664 Ouidio

221 1685 391 1727 amandi
419 1686 642 1739 poetarum
669 1683 861 1738 principe
887 1697 936 1723 ea
962 1682 1101 1723 forma
1127 1684 1300 1736 sumpta
1325 1684 1401 1733 est,
1434 1695 1563 1736 quam

217 1745 262 1785 in
300 1743 470 1785 eroticis
511 1742 710 1797 operibus
745 1741 942 1783 omnibus
976 1740 1189 1793 adhibuit,
1227 1740 1441 1781 distichon
1481 1740 1562 1780 ele-

217 1803 400 1857 giacum,
433 1801 551 1843 cuius
585 1800 753 1856 generis
780 1800 1022 1853 exemplum
1055 1802 1120 1840 est
1145 1798 1366 1840 comoedia
1398 1797 1464 1839 ‘de
1490 1798 1564 1838 tri·

221 1863 298 1903 bus
320 1857 547 1916 puellis'.²)
599 1859 668 1901 Sic
696 1859 809 1900 enim
830 1858 1147 1900 comoediarum
1173 1858 1356 1899 formam
1379 1871 1566 1898 commu-

315 1969 350 2004 1)
376 1963 583 1998 Euanthius
616 1964 653 1998 et
678 1961 818 1998 Donati
851 1963 1100 1996 commentum
1134 1961 1178 1996 de
1205 1960 1397 1996 comoedia
1423 1971 1467 1995 ex
1492 1970 1564 1994 rec.

218 2014 312 2057 Aug.
339 2010 631 2045 Reifferscheidii
663 2009 756 2052 (Ind.
784 2009 898 2044 schol.
926 2007 1079 2043 Vratisl.
1103 2007 1245 2043 hibern.
1277 2006 1442 2052 1874s75)
1469 2019 1503 2051 p.
1525 2011 1562 2041 5:

219 2058 324 2093 ‘hinc
344 2057 478 2092 deinde
498 2057 600 2091 aliud
621 2068 737 2101 genus
756 2056 907 2091 fabulae
926 2055 965 2090 id
984 2056 1041 2089 est
1055 2055 1169 2090 satira
1182 2054 1342 2100 sumpsit
1362 2053 1565 2096 exordium,

219 2116 314 2150 quae
340 2116 362 2140 a
388 2104 538 2149 satyris,
565 2115 657 2148 quos
683 2103 822 2139 inlotos
850 2114 995 2147 semper
1015 2113 1058 2137 ac
1083 2102 1295 2147 petulantes
1315 2102 1403 2136 deos
1430 2100 1566 2136 scimus

219 2164 317 2197 esse,
361 2152 528 2187 uocitata
566 2152 656 2187 est.
685 2177 692 2184 .
721 2179 728 2187 .
755 2150 854 2195 quod
897 2149 989 2184 item
1028 2160 1145 2194 genus
1184 2148 1399 2184 comoediae
1437 2147 1565 2183 multis

220 2199 327 2236 offuit
353 2198 499 2244 poetis.'

316 2248 352 2290 2)
379 2256 473 2290 quae
505 2244 613 2280 initio
640 2243 788 2279 Horatii
818 2243 1067 2278 imitationem
1107 2243 1234 2287 aperte
1260 2241 1414 2277 indicat.
1446 2261 1488 2267 —-
1523 2240 1565 2274 In

221 2292 439 2329 Maximiani
465 2292 587 2336 elegia
613 2291 655 2334 V,
683 2302 776 2335 quae
802 2291 873 2325 huc
900 2290 1082 2335 quadrare
1109 2290 1273 2333 uidetur,
1301 2289 1471 2334 dialogus
1498 2286 1564 2321 ali-

221 2341 403 2386 quantum
430 2339 553 2374 differt
579 2349 600 2372 a
625 2339 760 2373 nostris
787 2336 1001 2373 comoediis.
