1635 2632
660 205 730 252 Vi·
741 208 814 252 ta.

184 297 326 340 Natus
361 312 454 338 sum
488 297 698 338 Ernestus
732 296 968 339 Guilelmus
1002 298 1208 340 Ricardus
1237 298 1370 341 Jahn}

68 357 133 398 die
153 356 345 398 XXVIII
366 356 525 397 mensis
547 356 695 397 Martii
723 356 823 396 anni
850 356 890 397 11.
911 371 941 397 s.
970 356 1153 398 LXVIII
1179 358 1222 398 in
1251 358 1370 412 oppic'

67 415 348 458 Pomeraniae
395 415 507 469 quod
551 414 705 456 dicitur
746 413 996 456 Alt-Damm
1039 418 1161 469 patre
1205 416 1370 471 August

67 474 337 516 Ferdinando
376 476 514 515 matre
552 473 796 514 Emmelina
835 488 856 514 e
892 476 1018 528 gente
1056 472 1262 529 Nitzcky,
1301 490 1371 530 qu(

68 534 206 575 adhuc
240 533 492 587 superstites
525 546 617 574 esse
643 532 820 587 gaudeo.
875 532 1023 573 Fidem
1052 533 1256 587 profiteor
1283 548 1374 574 enai

68 593 260 646 gelicam.
327 591 474 632 Patrio
514 591 555 631 111
596 591 751 645 oppido
792 591 1011 632 elementis
1049 591 1292 633 litterarum
1331 592 1373 634 in

67 651 196 692 butus
236 665 346 692 anno
385 648 609 690 LXXVIII
647 664 742 690 cum
782 649 1032 702 parentibus
1070 651 1114 691 in
1149 651 1261 692 hanc
1295 649 1375 692 Rh.

68 724 225 751 uanam
276 708 541 763 prouinciam
592 708 898 762 transmigraui
949 712 992 749 et
1041 723 1116 763 per
1166 709 1268 750 anni
1317 708 1375 750 fei

68 768 254 822 spatium
288 767 522 822 discipulus
554 766 616 807 fui
649 767 819 808 scholae
859 781 967 821 quae
1008 770 1186 809 uocatur
1218 767 1375 809 ‘Hohei

68 825 391 883 Burgerschule'
426 825 571 880 oppidi
605 824 891 881 Cronenberg.
934 826 1157 868 Autumno
1191 827 1377 881 sequenti

69 887 171 927 anni
220 886 265 926 in
313 883 512 926 ultimum
563 884 778 938 gymnasii
828 885 1163 926 Elberfeldensis
1215 886 1377 927 ordine1

70 947 265 998 receptus
298 958 397 984 uere
432 943 532 984 anni
559 942 829 984 LXXXVIII
862 944 1124 985 maturitatis
1157 943 1378 985 testimoni

69 1005 303 1044 instructus
343 1017 436 1043 sum
475 1005 518 1042 et
551 1001 603 1042 acl
635 1002 745 1043 hanc
777 1002 1103 1044 uniuersitatem
1136 1001 1379 1044 Bonnenser

69 1077 135 1103 me
169 1062 341 1115 contuli,
372 1061 490 1102 cuius
524 1060 661 1102 adhue
693 1061 798 1102 ciuis
832 1075 936 1102 sum.

186 1120 435 1162 Doeuerunt
447 1134 513 1161 me
526 1119 606 1160 uiri
618 1119 961 1173 doctiAufreeht‚
973 1119 1151 1170 Bender,
1162 1119 1381 1161 Buechele:

68 1180 203 1233 Elter‚
235 1178 267 1219 F
271 1182 442 1231 oerster,
472 1178 649 1232 Franck,
681 1178 846 1231 Jacohi,
872 1177 922 1219 R.
949 1178 1128 1233 Kekule'‚
1154 1178 1382 1220 Loeschcka

70 1237 365 1290 Neuhaeuser,
404 1236 579 1290 Nissen,
619 1236 983 1291 Schaarsohmidt,
1020 1236 1201 1290 Vsener‚
1240 1236 1383 1278 Wiedt

69 1312 213 1347 mann,
233 1295 490 1337 VVilmanns.
529 1295 796 1347 Buecheleri,
816 1295 1068 1350 Luebberti,
1083 1295 1265 1337 Vseneri
1281 1295 1381 1336 bene

70 1356 260 1397 uolentia
286 1355 391 1395 mihi
419 1355 619 1409 contigit,
651 1357 699 1395 ut
727 1354 947 1395 seminarii
969 1354 1077 1409 regii
1100 1353 1311 1408 philologi
1334 1367 1384 1408 pe

71 1417 137 1455 ter
169 1428 293 1454 senos
326 1427 495 1454 menses
536 1413 696 1454 sodalis
736 1427 872 1454 essem
912 1413 1292 1467 extraordinarius,
1332 1426 1384 1466 pe

71 1473 185 1514 idem
222 1472 430 1526 temporis
471 1471 659 1527 spatium
692 1472 944 1513 ordinarius.
1008 1471 1251 1513 Germanici
1284 1471 1385 1512 semi

70 1531 182 1572 narii
208 1534 255 1571 ut
282 1531 439 1572 sodalis
467 1545 603 1572 essem
630 1545 706 1585 per
733 1545 805 1571 sex
832 1545 1000 1571 menses
1029 1529 1387 1572 extraordinarius

71 1605 147 1645 per
175 1590 256 1631 duo
285 1589 539 1631 semenstria
566 1589 822 1643 ordinarius,
856 1589 1037 1644 benigne
1065 1588 1172 1630 mihi
1198 1588 1386 1630 concessi

71 1648 330 1689 VVilmanns.
391 1647 785 1689 Exercitationibus
819 1647 1112 1701 archaeologis
1143 1661 1210 1688 me
1237 1646 1387 1688 admisi

70 1707 120 1748 R.
153 1706 336 1759 Kekule,
377 1706 664 1760 epigraphicis
698 1709 740 1746 et
770 1705 1004 1759 philologis
1036 1705 1286 1746 Buecheler.
1347 1703 1387 1745 V

71 1766 216 1819 regiae
237 1764 530 1807 uniuersitatis
551 1763 833 1805 bibliothecae
850 1778 926 1818 per
944 1764 1078 1805 sexies
1098 1778 1220 1804 senos
1239 1777 1393 1804 mense:

72 1823 344 1865 amanuensis
378 1838 513 1865 essem
547 1824 771 1877 utererque
804 1822 1019 1863 liberrime
1046 1823 1254 1863 librorum
1286 1821 1389 1862 then

73 1883 229 1936 sauris,
263 1882 440 1923 comiter
471 1881 575 1923 mihi
608 1879 957 1923 Schaarsehmidt
988 1880 1196 1936 permisit.

192 1941 355 1990 Quibus
376 1941 479 1982 uiris
507 1941 705 1982 omnibus
733 1939 895 1995 gratias
923 1954 1004 1996 ago
1032 1954 1159 1994 quam
1188 1939 1394 1980 maximas

73 2000 323 2054 praecipuas
344 2014 446 2041 uero
466 1998 749 2052 Buechelero,
769 1997 980 2053 Vsenem,
1000 1997 1308 2051 IVilmannsio,
1335 2012 1390 2051 qu

74 2073 202 2113 opera
218 2060 345 2112 atque
361 2058 537 2099 consilio
554 2072 722 2112 semper
736 2057 1040 2098 humanissime
1055 2071 1121 2098 me
1143 2056 1396 2097 adiuuerunt

195 2117 367 2158 Gratias
410 2131 578 2170 quoque
624 2130 749 2170 agere
791 2116 921 2157 debeo
964 2116 1001 2157 ei
1043 2115 1260 2157 sodalitati
1302 2129 1398 2169 qua<

74 2179 253 2217 uocatur
268 2174 1054 2229 eKlassiscli-philologischerVerein',
1075 2174 1191 2215 ouius
1214 2174 1266 2215 ab
1285 2173 1394 2214 initi(

75 2234 316 2275 studiorum
344 2233 502 2275 sodalis
530 2233 591 2274 fui
620 2236 662 2274 et
689 2247 760 2274 ero
788 2248 921 2287 usque
952 2234 1003 2274 ad
1030 2233 1143 2274 uitae
1169 2232 1395 2273 terminum

1509 2614 1635 2632 1,...-
