1635 2632
729 163 777 168 -,
845 139 1019 180 22—

225 258 244 288 5
272 245 331 287 Vt
361 245 475 287 foret
505 245 667 286 alterne
700 258 811 286 nune
843 246 1022 298 vti-aque
1056 243 1225 285 conscia
1258 243 1342 284 vite

273 303 382 359 Sepe
413 304 544 345 timor
575 303 745 358 fugiens
777 317 854 344 nee
887 301 1166 344 sollicitasset
1198 317 1387 344 amorem

271 363 366 405 Hoc
397 364 551 404 misere
584 362 656 403 sed
682 361 792 402 velle
824 363 950 402 nocet
983 360 1082 402 dum
1114 374 1238 414 posse
1270 363 1449 416 negaret

271 421 364 463 Iam
396 422 483 463 iam
514 421 740 475 proplures
773 420 881 461 silue
912 434 990 461 nos
1025 433 1211 473 saxaque
1243 420 1388 475 plures

273 480 398 522 Nunc
429 483 476 522 tu
508 478 690 521 tristicie
721 493 808 521 non
839 481 882 519 te
914 478 1037 520 valeo
1069 478 1245 520 reticere

209 551 250 582 10
276 539 346 581 En
378 539 504 581 modo
538 537 774 593 conspicito
809 537 909 592 quia
940 539 1080 578 mesta
1113 537 1272 579 sororis
1305 551 1462 593 ymago

275 597 441 652 Corpus
474 597 702 639 marcescit
734 611 805 638 cor
837 610 1006 650 semper
1036 595 1159 637 triste
1191 596 1388 651 gemiscit

274 657 333 698 Et
363 658 508 711 preter
539 656 739 697 lacrimas
773 654 908 697 oeulis
943 657 1009 696 est
1038 655 1158 696 nulla
1188 654 1388 709 voluptas

273 715 381 757 Fine
414 715 569 769 quibus
595 714 716 756 nullo
741 714 849 756 velis
874 713 1025 755 vmbre
1051 727 1183 769 genas
1210 713 1380 755 malefio

273 773 368 815 Hiis
402 774 505 815 solis
539 776 725 815 mentem
758 772 875 814 soleo
909 772 1093 813 mulcere
1125 772 1342 814 dolentem

206 845 247 874 15>
273 833 386 875 Hinc
417 836 544 887 caput
576 835 642 873 est
673 845 822 887 egrum
854 830 1102 885 defectaque
1135 831 1209 872 lux
1241 831 1462 873 oculorum

272 891 438 934 Obruta
469 893 569 932 sunt
601 890 732 932 corda
762 890 898 931 macie
931 889 1059 931 simul
1091 890 1236 931 omnia
1268 891 1462 932 membra

273 950 356 992 Hic
387 950 511 991 labor
541 949 612 991 hic
644 963 787 990 meror
819 963 986 990 meeum
1019 948 1105 990 sint
1137 948 1295 1003 gaudia

273 1009 386 1051 Eece
419 1009 566 1050 dolore
597 1010 789 1050 tremunt
821 1007 945 1063 digiti
977 1021 1087 1050 nunc
1121 1022 1219 1050 cara
1252 1022 1449 1050 sororum

274 1067 441 1109 Vltima
472 1068 604 1109 uerba
636 1066 769 1108 refert
799 1066 920 1107 uiuat
952 1067 1095 1108 valeat
1127 1081 1295 1121 quoque
1328 1080 1506 1121 semper.
