1614 2658
642 667 818 719 caput
853 668 924 711 ΙΙ.

436 767 504 808 De
536 782 654 808 uero
687 768 897 809 fabulae
930 768 1133 809 ambitu.

201 872 508 916 ‘Comoediam'
543 873 751 927 adscripsi
783 873 881 915 111110
912 873 1082 915 fabulae
1115 875 1287 916 titulum
1320 879 1363 916 et
1390 879 1455 917 est

110 933 332 974 comoedia
364 932 475 974 sicut
508 935 679 974 seruata
706 934 788 986 est,
822 932 1023 986 quoniam
1050 933 1236 975 comicae
1263 937 1454 976 tantum-

112 991 238 1033 modo
282 1006 349 1033 res
387 991 432 1032 in
471 1006 519 1033 ea
557 993 810 1032 tractantur.
882 991 940 1032 At
982 1006 1092 1045 quae
1130 996 1300 1033 seruata
1343 997 1454 1044 sunt,

110 1065 199 1092 non
241 1051 457 1105 integrum
501 1050 869 1104 compositumque
915 1065 1087 1091 carmen
1125 1051 1335 1106 efficiunt,
1381 1052 1454 1093 sed

112 1112 213 1150 sunt
244 1109 498 1164 fragmenta.
553 1108 666 1150 Nam
698 1108 744 1149 in
775 1109 956 1163 prologo
991 1107 1077 1164 (uu.
1114 1108 1276 1166 1—34)
1304 1114 1454 1152 auctor

111 1167 364 1209 fidissimum
398 1182 442 1209 se
473 1167 605 1209 fuisse
638 1167 812 1208 Amoris
845 1167 1025 1208 militem
1058 1172 1220 1222 narrat,
1253 1170 1453 1223 pulcerri-

111 1241 203 1267 mas
231 1227 396 1280 puellas
418 1225 639 1281 Cupidinis
665 1226 848 1279 imperio
870 1241 913 1267 se
941 1226 1185 1280 subiecisse,
1211 1228 1330 1268 nulla
1350 1243 1451 1270 uero

111 1285 263 1327 tulisse
295 1285 502 1339 praemia,
540 1285 690 1326 dedere
728 1284 863 1338 igitur
896 1299 939 1326 se
970 1284 1126 1327 Iunoni
1158 1289 1200 1327 et
1231 1285 1453 1328 Mineruae

109 1347 153 1385 et
181 1368 230 1373 ——-
261 1344 430 1397 Veneri,
455 1347 503 1385 ut
530 1344 636 1385 bene
664 1346 836 1384 seruent
861 1343 1116 1385 fidissimum
1145 1359 1329 1399 seruum,
1355 1360 1452 1386 cum

110 1404 269 1444 Amore
307 1403 473 1444 nullam
512 1403 594 1444 sibi
633 1417 724 1443 esse
764 1403 960 1457 gratiam.
1022 1402 1095 1456 Etr
1120 1403 1286 1444 adiecta
1323 1418 1453 1446 causa

109 1460 299 1503 ‘Cernite
338 1461 439 1515 quid
475 1461 556 1503 feci
587 1475 664 1514 pro
703 1460 829 1502 factis
869 1461 1023 1514 quidue
1055 1460 1210 1516 recepi'
1249 1462 1365 1504 ducit
1398 1463 1451 1504 ad

109 1520 248 1574 ipsam
293 1534 397 1561 rem.
465 1518 543 1561 Sed
582 1521 627 1560 in
663 1519 810 1560 fabula
849 1534 955 1573 quae
996 1521 1188 1574 sequitur
1225 1535 1359 1574 usque
1399 1522 1452 1562 ad

109 1593 149 1620 u.
177 1578 262 1621 285
289 1579 491 1620 docemur
516 1578 687 1632 quidem
715 1578 813 1631 quid
838 1578 998 1632 fecerit,
1025 1582 1069 1619 at
1095 1594 1170 1632 pro
1197 1579 1323 1620 factis
1351 1580 1452 1633 quid

109 1637 319 1691 receperit
350 1637 549 1679 celamur.
601 1635 812 1678 Secuntur
843 1651 945 1677 uero
974 1652 1122 1678 uersus
1152 1639 1217 1692 12,
1250 1653 1271 1679 8
1297 1638 1451 1692 quibus

110 1710 372 1750 quamquam
402 1711 470 1737 res
497 1697 549 1737 ad
581 1697 709 1736 finem
740 1710 826 1737 non
852 1696 1110 1749 perducitur,
1142 1700 1287 1737 tamen
1314 1697 1453 1739 elucet

108 1769 177 1795 res
215 1757 368 1809 postea
405 1755 596 1796 euenisse
629 1755 768 1795 minus
802 1755 998 1807 comicas,
1030 1754 1080 1796 cf.
1113 1770 1150 1796 u.
1183 1755 1286 1796 297:
1326 1755 1452 1804 ‘Quid

108 1814 303 1855 stamus?
364 1813 479 1854 Reus
525 1816 600 1855 est.
662 1812 792 1854 Illum
838 1813 1095 1867 suspendere
1132 1813 1199 1855 fas
1239 1814 1331 1855 est.'
1393 1814 1452 1855 Hi

108 1886 257 1913 uersus
296 1873 368 1927 qui
407 1872 560 1913 desunt
597 1872 643 1913 in
674 1871 786 1926 HM,
824 1872 918 1913 ideo
959 1872 1107 1913 omissi
1145 1887 1237 1913 esse
1269 1877 1452 1927 possunt

109 1931 209 1983 quia
241 1930 394 1985 editor,
433 1945 558 1985 quem
595 1933 740 1971 tamen
774 1930 944 1971 doctum
985 1931 1124 1971 uirum
1162 1930 1295 1972 fuisse
1327 1945 1450 1986 nego,

110 1989 217 2030 satis
249 1989 522 2030 intellexerat
549 1988 718 2030 omissis
745 1989 812 2029 his
839 1989 1035 2030 uersibus
1062 1990 1294 2031 terminum
1322 2005 1450 2045 quen-

108 2047 208 2088 dam
233 2048 408 2089 fabulae
435 2048 543 2101 dari,
577 2047 731 2088 additis
759 2047 869 2088 effici
895 2047 1205 2102 fragmentum,
1238 2051 1312 2090 aut
1337 2049 1451 2103 quod

109 2105 198 2147 iam
230 2107 410 2147 aberant
435 2121 459 2147 a
485 2106 702 2147 codicibus
735 2121 756 2147 e
783 2106 936 2161 quibus
962 2106 1004 2147 H
1031 2110 1073 2147 et
1100 2106 1142 2146 M
1169 2107 1311 2148 hausti
1338 2110 1450 2148 sunt.

109 2162 192 2205 Sed
222 2165 304 2206 hoc
336 2164 476 2206 minus
510 2165 731 2218 probabile
764 2165 870 2205 mihi
902 2165 1087 2216 uidetur,
1126 2166 1226 2219 quia
1257 2166 1298 2207 H
1331 2170 1374 2208 et
1405 2165 1450 2207 M

108 2223 323 2264 artissime
357 2237 452 2265 cum
483 2223 523 2265 V
556 2223 785 2265 cohaerent
815 2223 1029 2277 imprimis
1063 2224 1174 2278 quod
1209 2225 1365 2266 attinet
1398 2225 1450 2266 ad

109 2296 311 2323 uersuum
338 2282 540 2324 ordinem.
584 2281 735 2336 Itaque
762 2282 984 2324 duodecim
1004 2283 1102 2323 illos
1129 2297 1278 2324 uersus
1299 2284 1342 2324 in
1364 2298 1450 2325 om-

106 2340 234 2382 nibus
260 2340 380 2382 libris
405 2340 538 2382 fuisse
565 2344 681 2395 puto,
714 2355 869 2396 eosque
897 2342 947 2383 ad
974 2341 1165 2383 fabulam
1192 2341 1302 2383 adici
1328 2342 1449 2396 quasi
