1614 2658
631 645 807 697 caput
841 645 884 688 I.

380 747 418 788 D
433 761 453 788 e
485 746 837 788 fundamentis
871 745 1130 787 editionis.

169 850 238 893 Ad
270 854 436 893 textum
469 851 815 893 constituendum
845 851 912 893 his
944 865 1046 892 usus
1080 866 1174 892 sum
1206 851 1349 893 libris:

171 908 210 952 Η
238 910 347 952 liber
372 911 607 964 impressus
635 924 740 952 saec.
761 909 855 963 XV,
883 910 956 964 qui
984 913 1180 952 seruatur
1202 911 1247 951 in
1266 910 1426 952 biblio-

82 968 208 1012 theca
243 970 409 1011 urbana
447 969 766 1024 Hamburgensi
812 969 889 1010 sub
933 969 1056 1023 signo
1081 968 1302 1011 fRealcat.
1344 968 1428 1012 AC.

83 1028 165 1070 vol.
191 1027 257 1069 ΙΙΙ
288 1043 329 1082 p,
358 1027 470 1082 140²,
509 1042 633 1082 quem
672 1028 854 1082 benigne
886 1028 970 1069 huc
1001 1028 1304 1069 transmissum
1335 1028 1427 1083 ipse

84 1087 259 1129 contuli.
310 1086 576 1141 Tegumento
607 1086 704 1128 libri
732 1101 752 1127 e
780 1087 896 1128 corio
924 1086 1037 1128 facto
1064 1087 1299 1140 impressae
1327 1090 1428 1129 sunt

82 1146 128 1186 in
159 1149 281 1199 parte
306 1145 449 1198 priore
481 1145 500 1186 Ι
528 1143 568 1187 Α
598 1143 636 1186 Η
666 1142 703 1186 Ζ
732 1143 774 1186 Μ
808 1145 979 1186 litterae
1006 1148 1049 1186 et
1075 1144 1255 1188 ‘ANNO
1286 1146 1428 1201 1597’‚

82 1204 155 1258 qui
179 1217 391 1253 numerus
410 1203 611 1245 uidelicet
638 1206 691 1244 ad
717 1204 1146 1259 conglutinationem,
1171 1219 1259 1246 non
1279 1205 1331 1246 ad
1351 1205 1428 1246 im-

81 1262 345 1316 pressionem
372 1262 474 1303 libri
499 1265 677 1316 spectat.
726 1262 887 1304 Forma
912 1263 1124 1317 quadrata
1150 1266 1228 1316 est,
1254 1263 1428 1305 litterae

84 1321 302 1362 adhibitae
342 1323 442 1362 sunt
480 1335 587 1375 quae
625 1324 835 1362 uocantur
877 1322 1064 1377 goticae‚
1107 1321 1294 1363 initiales
1341 1337 1428 1364 car-

82 1379 247 1420 minum
279 1379 451 1421 litterae
483 1383 558 1421 aut
589 1380 774 1421 omissae
807 1384 882 1421 aut
910 1384 1154 1422 atramento
1183 1381 1427 1436 adscriptae

84 1440 202 1490 sunt,
246 1437 406 1479 chartis
444 1439 656 1491 impressa
695 1441 794 1494 sunt
837 1439 960 1494 signa
999 1439 1145 1494 qualia
1181 1439 1269 1480 fere
1307 1440 1427 1482 uides

81 1495 128 1536 in
166 1494 355 1537 ‘Midoux
394 1498 436 1537 et
467 1495 655 1548 Matton,
698 1497 840 1538 Etude
885 1512 957 1538 sur
996 1497 1058 1538 les
1096 1498 1315 1552 filigranes
1355 1498 1427 1540 des

81 1553 254 1609 papiers
287 1555 508 1608 employes
541 1569 592 1596 en
619 1555 781 1597 France
809 1570 891 1596 aux
916 1555 1039 1597 XIV³
1066 1559 1109 1597 et
1134 1555 1232 1597 XVe
1259 1557 1427 1598 siecles'

84 1613 163 1654 sub
189 1613 380 1654 numeris
409 1614 504 1656 181.
531 1614 628 1655 376.
653 1614 741 1656 415
769 1612 880 1670 (sine
905 1617 1028 1669 parte
1055 1613 1235 1670 infima).
1285 1615 1426 1658 Locus
1481 1662 1485 1668 ,

83 1674 126 1712 et
163 1685 298 1712 annus
333 1674 375 1713 et
405 1672 671 1726 typographi
708 1687 866 1714 nomen
905 1673 1148 1728 significata
1188 1688 1277 1715 non
1315 1678 1427 1716 sunt.

81 1727 206 1770 Folia
234 1733 336 1771 sunt
361 1730 542 1784 triginta
569 1731 650 1773 duo
675 1746 879 1773 uersuum
909 1731 998 1773 fere
1024 1732 1236 1774 tricenum
1264 1748 1427 1788 senum,

81 1788 128 1828 in
159 1788 312 1842 quibus
345 1789 517 1843 titulus,
548 1790 868 1844 inscriptiones,
909 1791 1247 1845 subscriptiones
1279 1793 1427 1848 legun-

80 1848 152 1887 tur
182 1847 280 1889 hae:

169 1905 220 1947 F.
240 1910 285 1947 1‘2
303 1907 380 1948 tia:
412 1906 553 1961 Ouidij
581 1905 802 1962 Naso-{nis
827 1906 1108 1949 Sulmo‘n'esis
1134 1911 1260 1962 poete
1286 1909 1396 1951 liber
1419 1909 1421 1966 l

81 1962 146 2004 De
177 1964 316 2005 tribus
346 1965 500 2019 puellis
530 1968 534 2016 Ι
565 1965 741 2007 Ouidius
774 1966 824 2007 de
852 1967 998 2021 sagaci
1028 1967 1182 2009 nuncio
1213 1968 1218 2022 Ι
1247 1967 1426 2010 Ouidius

84 2021 134 2062 de
165 2023 303 2076 pulice
331 2024 337 2074 Ι
364 2023 617 2077 Pamphilus
646 2023 696 2065 de
724 2039 867 2066 amore
897 2026 902 2079 Ι
931 2024 1108 2067 Ouidius
1137 2025 1187 2067 de
1213 2041 1389 2069 nummo
1420 2039 1423 2083 1

84 2079 260 2122 Ouidius
289 2081 338 2122 de
360 2080 518 2123 Cuculo
547 2084 553 2133 Ι
582 2082 759 2124 Ouidius
787 2083 837 2124 de
863 2086 1010 2125 ventre
1039 2088 1044 2135 Ι
1071 2084 1187 2139 Epla
1214 2087 1426 2128 amatoria

83 2139 260 2181 metrice
295 2140 491 2194 ascripta.
525 2165 578 2170 —
612 2141 663 2182 F.
695 2143 753 2183 .sz
790 2142 948 2196 Incipit
980 2143 1163 2198 epistola
1194 2148 1426 2198 perornata

83 2197 302 2239 cuiusdam
335 2198 520 2240 amantis
554 2199 606 2240 ad
653 2199 659 2254 Ι
707 2201 922 2255 quandam
953 2202 1155 2256 puellam.
1191 2227 1240 2233 —
1276 2204 1327 2245 F.
1359 2207 1425 2247 2⁴²:

83 2255 224 2310 Ouidij
257 2257 431 2298 nasonis
466 2256 764 2300 Sulmonensis
795 2263 921 2314 poete
958 2263 964 2311 Ι
1004 2260 1150 2302 Trium
1182 2262 1424 2315 puellarum

80 2314 190 2356 liber
220 2315 382 2370 incipit.
416 2341 467 2346 —
502 2317 552 2359 F.
581 2321 625 2359 6⁶²
657 2319 680 2360 Z.
708 2321 895 2361 12—15:
933 2319 1074 2374 Ouidij
1108 2320 1297 2363 Nasonis
1332 2320 1424 2364 Sul-
