1635 2632
736 119 1024 160 „10—

210 226 253 266 in
291 225 370 266 hac
407 225 653 266 litterarum
691 238 791 265 area
835 223 1090 266 modestiam
1137 224 1553 279 temperantiamque

208 283 392 325 maxime
437 298 529 325 esse
573 283 876 337 necessariam,
922 283 1022 337 quia
1065 284 1290 337 perpaucis
1336 283 1386 324 de
1425 283 1552 325 rebus

209 342 346 384 adhuc
385 346 501 384 certa
533 344 744 384 constant.
809 340 892 383 Sed
923 341 1030 383 haec
1063 355 1231 396 quoque
1264 344 1554 395 monumenta,

208 416 316 456 quae
342 401 673 456 diligentissime
699 403 950 455 tractentur,
974 400 1070 441 ideo
1098 400 1281 441 maxime
1308 400 1436 455 digna
1460 414 1553 442 esse

208 463 327 515 puto,
360 460 460 514 quia
493 475 589 502 cum
621 459 728 501 nihil
759 459 1075 515 neglegendum
1108 459 1166 500 sit
1198 459 1312 513 quod
1344 459 1554 501 conducat

208 520 261 560 ad
281 519 508 561 historiam
522 519 700 560 humani
716 518 878 574 ingenii
892 518 1247 574 cognoscendam,
1258 517 1363 559 haec
1379 518 1552 559 minime

207 578 381 633 neglegi
407 578 574 631 debent,
602 592 708 633 quae
730 591 932 633 magnam
952 579 1122 632 partem
1147 576 1429 618 fundamenta
1455 579 1555 618 sunt

207 637 450 678 litterarum
488 636 842 691 germanicarum.
905 635 1027 684 Quod
1067 635 1296 677 Vdalricus
1336 635 1386 676 de
1419 635 1554 677 Wila-

208 695 379 737 mowitz
405 695 507 736 dicit
521 695 570 751 ¹):
597 695 679 736 ‘die
706 694 1038 737 charakterist-ik
1063 709 1148 736 von
1169 694 1243 735 stil
1265 693 1350 735 und
1371 694 1551 748 sprache

239 787 247 795 .
268 788 275 796 .
304 754 513 796 erfordert
547 754 653 795 auch
685 754 797 795 noch
823 753 915 795 eine
941 753 1045 795 fiille
1071 768 1158 795 von
1182 753 1554 808 beobachtungen,

208 813 586 868 untersuchungen
629 813 715 854 und
757 812 1021 853 namentlich
1062 812 1443 867 vergleichungen,
1487 812 1554 853 die

207 872 312 913 licut
344 887 393 913 zu
426 874 526 927 tage
557 887 639 912 nur
669 871 739 912 fiir
771 871 836 912 die
864 871 1324 926 geschmacklosigkeit
1355 871 1440 911 und
1474 870 1556 912 den

210 931 474 985 stumpfsinn
501 931 574 971 der
600 931 875 985 gesunkenen
902 929 1095 971 latinitat
1122 929 1354 984 angestellt
1373 929 1555 983 werden,

208 990 344 1031 denen
365 1004 409 1031 es
431 989 665 1044 allerdings
686 989 866 1030 leichter
885 990 943 1029 ist
957 988 1182 1043 congenial
1196 1003 1247 1029 zu
1262 987 1379 1041 sein',
1399 988 1555 1029 uellem

207 1048 439 1090 iudicasset
466 1063 595 1103 quam
621 1062 720 1088 uere
748 1051 837 1088 tam
863 1047 1080 1088 beneuole.
1132 1046 1331 1090 Ceterum
1359 1046 1555 1100 equidem

207 1107 318 1149 facio
361 1122 456 1149 cum
499 1106 707 1148 Mauricio
746 1105 894 1161 Haupt
932 1106 1026 1147 uiro
1066 1105 1278 1147 mehercle
1318 1105 1556 1160 philologo,

211 1167 283 1220 qui
309 1166 353 1207 in
373 1165 641 1220 praefatione
662 1165 872 1207 rarissimi
897 1164 1015 1206 illius
1042 1164 1144 1205 libri
1164 1164 1392 1218 ‘Exempla
1411 1164 1554 1218 poesis

208 1224 370 1266 latinae
404 1224 533 1265 medii
566 1223 671 1266 aevi'
713 1224 815 1265 dicit
853 1224 973 1265 haec:
1016 1223 1150 1273 ‘Quae
1183 1238 1207 1264 a
1237 1223 1454 1278 plerisque
1487 1222 1554 1264 de-

209 1283 393 1337 spicatui
430 1283 645 1325 habentur
683 1283 873 1324 carmina
911 1282 1040 1323 medii
1073 1282 1167 1323 aevi
1196 1282 1348 1335 latina,
1387 1296 1436 1322 ea
1467 1295 1556 1323 non

205 1342 384 1397 indigna
411 1356 503 1383 esse
529 1342 793 1383 accuratiore
820 1344 861 1382 et
887 1341 1079 1395 pleniore
1112 1340 1356 1395 cognitione
1384 1342 1426 1381 et
1452 1340 1554 1382 olim

207 1401 381 1442 fuerunt
406 1400 479 1456 qui
505 1401 639 1455 probe
665 1400 961 1455 intelligerent
984 1402 1026 1441 et
1044 1414 1181 1454 nuper
1201 1399 1552 1440 memorabilibus

209 1460 439 1501 admodum
472 1459 676 1513 exemplis
704 1458 935 1514 Isengrimi
959 1458 1248 1512 Reinardique
1275 1458 1413 1499 denuo
1439 1460 1556 1511 pate-

207 1518 369 1560 factum
402 1521 468 1559 est
494 1551 501 1559 .
527 1533 615 1560 non
648 1518 827 1560 deerunt
865 1518 938 1572 qui
968 1517 1249 1559 nihilominus
1283 1531 1454 1558 omnem
1487 1530 1556 1558 cu-

208 1592 300 1618 ram
326 1578 392 1618 his
420 1577 683 1619 carminibus
710 1577 950 1631 impensam
974 1575 1142 1618 futilem
1164 1578 1291 1630 atque
1311 1576 1556 1617 indecoram

209 1636 474 1690 existiment,
506 1635 723 1677 tralaticia
757 1649 935 1690 graecae
962 1649 1248 1689 romanaeque
1281 1634 1554 1688 antiquitatis

209 1694 494 1736 admiratione
520 1695 582 1735 ita
602 1694 726 1748 quasi
747 1694 958 1735 occaecati
983 1695 1032 1734 ut
1057 1693 1101 1734 in
1121 1693 1422 1748 plerorumque
1444 1692 1555 1734 anti-

209 1767 391 1807 quorum
436 1755 660 1807 poetarum
703 1752 939 1794 latinorum
977 1752 1274 1793 mediocritate
1317 1751 1443 1792 facile
1489 1765 1555 1793 ac-

209 1813 429 1866 quiescant
457 1812 525 1853 vel
553 1812 816 1853 delectentur
841 1811 945 1852 adeo
974 1825 1023 1851 ea
1048 1811 1245 1864 mirifice,
1279 1824 1554 1864 quaecunque

209 1874 352 1912 autem
385 1870 524 1912 medio
558 1884 662 1912 aevo
700 1870 848 1912 latinis
881 1870 1074 1912 versibus
1108 1870 1267 1924 scripta
1300 1871 1401 1910 sunt
1432 1868 1557 1910 vehe-

209 1933 375 1971 menter
407 1930 552 1971 omnia
583 1928 833 1971 fastidiant.²

306 2058 339 2100 1)
366 2042 561 2100 Euripides
587 2056 766 2092 Herakles
793 2055 808 2090 1
834 2068 869 2101 p.
898 2059 954 2090 39.
