<?xml version="1.0" encoding="UTF-8"?>
<!DOCTYPE html PUBLIC "-//W3C//DTD XHTML 1.0 Transitional//EN"
    "http://www.w3.org/TR/xhtml1/DTD/xhtml1-transitional.dtd">
<html xmlns="http://www.w3.org/1999/xhtml" xml:lang="en" lang="en">
 <head>
  <title>
</title>
<meta http-equiv="Content-Type" content="text/html;charset=utf-8" />
  <meta name='ocr-system' content='tesseract 3.04.00' />
  <meta name='ocr-capabilities' content='ocr_page ocr_carea ocr_par ocr_line ocrx_word'/>
</head>
<body>
  <div class='ocr_page' id='page_1' title='image "./comoediaehoratia00jahnuoft_0015.png"; bbox 0 0 1614 2658; ppageno 0'>
   <div class='ocr_carea' id='block_1_1' title="bbox 616 135 875 176">
    <p class='ocr_par' dir='ltr' id='par_1_1' title="bbox 616 135 875 176">
     <span class='ocr_line' id='line_1_1' title="bbox 616 135 875 176; baseline 0.004 -13"><span class='ocrx_word' id='word_1_1' title='bbox 616 135 875 176; x_wconf 65' lang='grc'>-9-</span> 
     </span>
    </p>
   </div>
   <div class='ocr_carea' id='block_1_2' title="bbox 72 239 1420 2409">
    <p class='ocr_par' dir='ltr' id='par_1_2' title="bbox 72 239 1419 1103">
     <span class='ocr_line' id='line_1_2' title="bbox 72 239 1417 294; baseline 0 -13"><span class='ocrx_word' id='word_1_2' title='bbox 72 242 211 282; x_wconf 84' lang='lat' dir='ltr'>tatam</span> <span class='ocrx_word' id='word_1_3' title='bbox 243 254 333 281; x_wconf 91' lang='lat' dir='ltr'>esse</span> <span class='ocrx_word' id='word_1_4' title='bbox 361 254 409 281; x_wconf 89' lang='lat' dir='ltr'>eo</span> <span class='ocrx_word' id='word_1_5' title='bbox 437 240 716 282; x_wconf 88' lang='lat' dir='ltr'>confirmatur</span> <span class='ocrx_word' id='word_1_6' title='bbox 744 240 857 294; x_wconf 88' lang='lat' dir='ltr'>quod</span> <span class='ocrx_word' id='word_1_7' title='bbox 884 239 951 281; x_wconf 68' lang='lat' dir='ltr'>‘de</span> <span class='ocrx_word' id='word_1_8' title='bbox 978 240 1115 281; x_wconf 85' lang='lat' dir='ltr'>tribus</span> <span class='ocrx_word' id='word_1_9' title='bbox 1143 239 1284 282; x_wconf 86' lang='lat' dir='ltr'>sociis&#39;</span> <span class='ocrx_word' id='word_1_10' title='bbox 1312 240 1417 282; x_wconf 88' lang='lat' dir='ltr'>duas</span> 
     </span>
     <span class='ocr_line' id='line_1_3' title="bbox 72 299 1417 353; baseline 0 -13"><span class='ocrx_word' id='word_1_11' title='bbox 72 299 282 340; x_wconf 89' lang='lat' dir='ltr'>habemus</span> <span class='ocrx_word' id='word_1_12' title='bbox 314 299 489 353; x_wconf 87' lang='lat' dir='ltr'>formas,</span> <span class='ocrx_word' id='word_1_13' title='bbox 521 313 542 340; x_wconf 90' lang='lat' dir='ltr'>e</span> <span class='ocrx_word' id='word_1_14' title='bbox 570 299 723 353; x_wconf 87' lang='lat' dir='ltr'>quibus</span> <span class='ocrx_word' id='word_1_15' title='bbox 757 299 991 353; x_wconf 80' lang='lat' dir='ltr'>elegiacam</span> <span class='ocrx_word' id='word_1_16' title='bbox 1017 299 1297 341; x_wconf 73' lang='lat' dir='ltr'>recentiorem</span> <span class='ocrx_word' id='word_1_17' title='bbox 1324 314 1417 340; x_wconf 91' lang='lat' dir='ltr'>esse</span> 
     </span>
     <span class='ocr_line' id='line_1_4' title="bbox 76 357 1418 412; baseline 0.001 -14"><span class='ocrx_word' id='word_1_18' title='bbox 76 358 395 399; x_wconf 72' lang='lat' dir='ltr'>demonstrabo.</span> <span class='ocrx_word' id='word_1_19' title='bbox 445 357 575 399; x_wconf 86' lang='lat' dir='ltr'>Aliud</span> <span class='ocrx_word' id='word_1_20' title='bbox 608 358 793 399; x_wconf 86' lang='lat' dir='ltr'>fortasse</span> <span class='ocrx_word' id='word_1_21' title='bbox 827 358 1070 412; x_wconf 78' lang='lat' dir='ltr'>exemplum</span> <span class='ocrx_word' id='word_1_22' title='bbox 1095 358 1273 411; x_wconf 87' lang='lat' dir='ltr'>praebet</span> <span class='ocrx_word' id='word_1_23' title='bbox 1299 358 1418 399; x_wconf 82' lang='lat' dir='ltr'>‘nun-</span> 
     </span>
     <span class='ocr_line' id='line_1_5' title="bbox 73 414 1417 471; baseline 0.001 -14"><span class='ocrx_word' id='word_1_24' title='bbox 73 417 158 457; x_wconf 86' lang='lat' dir='ltr'>tius</span> <span class='ocrx_word' id='word_1_25' title='bbox 198 414 360 471; x_wconf 84' lang='lat' dir='ltr'>sagax&#39;,</span> <span class='ocrx_word' id='word_1_26' title='bbox 402 417 519 458; x_wconf 88' lang='lat' dir='ltr'>cuius</span> <span class='ocrx_word' id='word_1_27' title='bbox 556 417 933 470; x_wconf 70' lang='lat' dir='ltr'>transcriptionem</span> <span class='ocrx_word' id='word_1_28' title='bbox 973 417 1288 471; x_wconf 87' lang='lat' dir='ltr'>quodammodo</span> <span class='ocrx_word' id='word_1_29' title='bbox 1335 418 1417 458; x_wconf 86' lang='lat' dir='ltr'>ele-</span> 
     </span>
     <span class='ocr_line' id='line_1_6' title="bbox 75 474 1416 530; baseline 0.001 -15"><span class='ocrx_word' id='word_1_30' title='bbox 75 475 241 530; x_wconf 88' lang='lat' dir='ltr'>giacam</span> <span class='ocrx_word' id='word_1_31' title='bbox 285 475 507 516; x_wconf 84' lang='lat' dir='ltr'>nominare</span> <span class='ocrx_word' id='word_1_32' title='bbox 557 475 658 516; x_wconf 88' lang='lat' dir='ltr'>licet</span> <span class='ocrx_word' id='word_1_33' title='bbox 703 474 1020 528; x_wconf 75' lang='lat' dir='ltr'>‘Pamphilum&#39;.</span> <span class='ocrx_word' id='word_1_34' title='bbox 1064 499 1119 504; x_wconf 90' lang='lat'>--</span> <span class='ocrx_word' id='word_1_35' title='bbox 1168 475 1416 517; x_wconf 80' lang='lat' dir='ltr'>Proximum</span> 
     </span>
     <span class='ocr_line' id='line_1_7' title="bbox 75 534 1418 588; baseline 0 -13"><span class='ocrx_word' id='word_1_36' title='bbox 75 534 225 575; x_wconf 87' lang='lat' dir='ltr'>deinde</span> <span class='ocrx_word' id='word_1_37' title='bbox 263 536 355 574; x_wconf 90' lang='lat' dir='ltr'>erat</span> <span class='ocrx_word' id='word_1_38' title='bbox 392 536 441 574; x_wconf 93' lang='lat' dir='ltr'>ut</span> <span class='ocrx_word' id='word_1_39' title='bbox 477 537 607 588; x_wconf 89' lang='lat' dir='ltr'>poeta</span> <span class='ocrx_word' id='word_1_40' title='bbox 638 534 930 575; x_wconf 71' lang='lat' dir='ltr'>narrationem</span> <span class='ocrx_word' id='word_1_41' title='bbox 963 534 1081 575; x_wconf 90' lang='lat' dir='ltr'>illam</span> <span class='ocrx_word' id='word_1_42' title='bbox 1114 534 1418 588; x_wconf 79' lang='lat' dir='ltr'>interpositam</span> 
     </span>
     <span class='ocr_line' id='line_1_8' title="bbox 73 592 1417 648; baseline 0.001 -15"><span class='ocrx_word' id='word_1_43' title='bbox 73 607 160 634; x_wconf 89' lang='lat' dir='ltr'>non</span> <span class='ocrx_word' id='word_1_44' title='bbox 193 592 243 634; x_wconf 91' lang='lat' dir='ltr'>de</span> <span class='ocrx_word' id='word_1_45' title='bbox 269 607 313 633; x_wconf 91' lang='lat' dir='ltr'>se</span> <span class='ocrx_word' id='word_1_46' title='bbox 338 592 499 634; x_wconf 88' lang='lat' dir='ltr'>faceret</span> <span class='ocrx_word' id='word_1_47' title='bbox 525 593 596 634; x_wconf 89' lang='lat' dir='ltr'>sed</span> <span class='ocrx_word' id='word_1_48' title='bbox 624 593 673 633; x_wconf 89' lang='lat' dir='ltr'>de</span> <span class='ocrx_word' id='word_1_49' title='bbox 701 592 810 645; x_wconf 88' lang='lat' dir='ltr'>aliis,</span> <span class='ocrx_word' id='word_1_50' title='bbox 840 593 926 633; x_wconf 89' lang='lat' dir='ltr'>nisi</span> <span class='ocrx_word' id='word_1_51' title='bbox 952 592 1064 634; x_wconf 85' lang='lat' dir='ltr'>forte</span> <span class='ocrx_word' id='word_1_52' title='bbox 1091 593 1132 634; x_wconf 86' lang='lat' dir='ltr'>id</span> <span class='ocrx_word' id='word_1_53' title='bbox 1161 607 1294 648; x_wconf 89' lang='lat' dir='ltr'>genus</span> <span class='ocrx_word' id='word_1_54' title='bbox 1323 608 1417 647; x_wconf 92' lang='lat' dir='ltr'>pro—</span> 
     </span>
     <span class='ocr_line' id='line_1_9' title="bbox 73 651 1418 706; baseline 0.001 -14"><span class='ocrx_word' id='word_1_55' title='bbox 73 651 237 692; x_wconf 83' lang='lat' dir='ltr'>ximum</span> <span class='ocrx_word' id='word_1_56' title='bbox 270 651 512 704; x_wconf 79' lang='lat' dir='ltr'>existimas,</span> <span class='ocrx_word' id='word_1_57' title='bbox 543 652 585 692; x_wconf 92' lang='lat' dir='ltr'>in</span> <span class='ocrx_word' id='word_1_58' title='bbox 619 666 701 706; x_wconf 90' lang='lat' dir='ltr'>quo</span> <span class='ocrx_word' id='word_1_59' title='bbox 733 652 924 692; x_wconf 89' lang='lat' dir='ltr'>narratio</span> <span class='ocrx_word' id='word_1_60' title='bbox 958 652 1132 693; x_wconf 88' lang='lat' dir='ltr'>omnino</span> <span class='ocrx_word' id='word_1_61' title='bbox 1166 653 1327 693; x_wconf 88' lang='lat' dir='ltr'>omissa</span> <span class='ocrx_word' id='word_1_62' title='bbox 1353 654 1418 693; x_wconf 89' lang='lat' dir='ltr'>est</span> 
     </span>
     <span class='ocr_line' id='line_1_10' title="bbox 76 709 1418 764; baseline 0.001 -13"><span class='ocrx_word' id='word_1_63' title='bbox 76 713 119 751; x_wconf 87' lang='lat' dir='ltr'>et</span> <span class='ocrx_word' id='word_1_64' title='bbox 153 711 246 751; x_wconf 88' lang='lat' dir='ltr'>sola</span> <span class='ocrx_word' id='word_1_65' title='bbox 276 710 540 751; x_wconf 90' lang='lat' dir='ltr'>relincuntur</span> <span class='ocrx_word' id='word_1_66' title='bbox 573 709 782 762; x_wconf 87' lang='lat' dir='ltr'>diucrbia,</span> <span class='ocrx_word' id='word_1_67' title='bbox 823 710 941 751; x_wconf 88' lang='lat' dir='ltr'>cuius</span> <span class='ocrx_word' id='word_1_68' title='bbox 981 711 1174 764; x_wconf 87' lang='lat' dir='ltr'>exempla</span> <span class='ocrx_word' id='word_1_69' title='bbox 1206 714 1304 751; x_wconf 90' lang='lat' dir='ltr'>sunt</span> <span class='ocrx_word' id='word_1_70' title='bbox 1337 710 1418 752; x_wconf 68' lang='lat' dir='ltr'>‘co-</span> 
     </span>
     <span class='ocr_line' id='line_1_11' title="bbox 75 768 1417 811; baseline 0 -1"><span class='ocrx_word' id='word_1_71' title='bbox 75 769 242 810; x_wconf 87' lang='lat' dir='ltr'>moedia</span> <span class='ocrx_word' id='word_1_72' title='bbox 267 768 491 810; x_wconf 84' lang='lat' dir='ltr'>Babionis&#39;</span> <span class='ocrx_word' id='word_1_73' title='bbox 524 770 567 809; x_wconf 89' lang='lat' dir='ltr'>et</span> <span class='ocrx_word' id='word_1_74' title='bbox 600 768 666 809; x_wconf 75' lang='lat' dir='ltr'>‘de</span> <span class='ocrx_word' id='word_1_75' title='bbox 694 768 858 810; x_wconf 76' lang='lat' dir='ltr'>clericis</span> <span class='ocrx_word' id='word_1_76' title='bbox 886 771 928 809; x_wconf 92' lang='lat' dir='ltr'>et</span> <span class='ocrx_word' id='word_1_77' title='bbox 954 769 1145 811; x_wconf 84' lang='lat' dir='ltr'>rustico&#39;.</span> <span class='ocrx_word' id='word_1_78' title='bbox 1194 769 1312 811; x_wconf 88' lang='lat' dir='ltr'>Inter</span> <span class='ocrx_word' id='word_1_79' title='bbox 1339 770 1417 810; x_wconf 91' lang='lat' dir='ltr'>has</span> 
     </span>
     <span class='ocr_line' id='line_1_12' title="bbox 72 826 1418 882; baseline 0.001 -14"><span class='ocrx_word' id='word_1_80' title='bbox 72 827 346 882; x_wconf 88' lang='lat' dir='ltr'>reliquasque</span> <span class='ocrx_word' id='word_1_81' title='bbox 377 826 633 869; x_wconf 67' lang='lat' dir='ltr'>‘comoedias</span> <span class='ocrx_word' id='word_1_82' title='bbox 667 827 893 882; x_wconf 83' lang='lat' dir='ltr'>elegiacas’</span> <span class='ocrx_word' id='word_1_83' title='bbox 933 828 1118 869; x_wconf 89' lang='lat' dir='ltr'>medium</span> <span class='ocrx_word' id='word_1_84' title='bbox 1157 828 1244 869; x_wconf 89' lang='lat' dir='ltr'>fere</span> <span class='ocrx_word' id='word_1_85' title='bbox 1276 829 1418 869; x_wconf 86' lang='lat' dir='ltr'>locum</span> 
     </span>
     <span class='ocr_line' id='line_1_13' title="bbox 72 885 1418 941; baseline 0 -14"><span class='ocrx_word' id='word_1_86' title='bbox 72 889 192 927; x_wconf 89' lang='lat' dir='ltr'>tenet</span> <span class='ocrx_word' id='word_1_87' title='bbox 223 885 518 940; x_wconf 71' lang='lat' dir='ltr'>‘Pamphilus⁷,</span> <span class='ocrx_word' id='word_1_88' title='bbox 557 886 629 940; x_wconf 89' lang='lat' dir='ltr'>qui</span> <span class='ocrx_word' id='word_1_89' title='bbox 665 887 958 928; x_wconf 82' lang='lat' dir='ltr'>narrationem</span> <span class='ocrx_word' id='word_1_90' title='bbox 997 901 1083 928; x_wconf 91' lang='lat' dir='ltr'>non</span> <span class='ocrx_word' id='word_1_91' title='bbox 1122 887 1300 941; x_wconf 84' lang='lat' dir='ltr'>praebet</span> <span class='ocrx_word' id='word_1_92' title='bbox 1334 887 1418 928; x_wconf 91' lang='lat' dir='ltr'>nisi</span> 
     </span>
     <span class='ocr_line' id='line_1_14' title="bbox 72 944 1417 1000; baseline 0.001 -15"><span class='ocrx_word' id='word_1_93' title='bbox 72 945 118 986; x_wconf 91' lang='lat' dir='ltr'>in</span> <span class='ocrx_word' id='word_1_94' title='bbox 148 944 359 999; x_wconf 88' lang='lat' dir='ltr'>principio</span> <span class='ocrx_word' id='word_1_95' title='bbox 394 945 556 1000; x_wconf 80' lang='lat' dir='ltr'>elegiae</span> <span class='ocrx_word' id='word_1_96' title='bbox 583 944 668 985; x_wconf 90' lang='lat' dir='ltr'><strong>III:</strong></span> <span class='ocrx_word' id='word_1_97' title='bbox 702 944 837 986; x_wconf 63' lang='lat' dir='ltr'>“Tunc</span> <span class='ocrx_word' id='word_1_98' title='bbox 864 944 1010 986; x_wconf 90' lang='lat' dir='ltr'>Venus</span> <span class='ocrx_word' id='word_1_99' title='bbox 1043 945 1210 1000; x_wconf 86' lang='lat' dir='ltr'>inquit&#39;.</span> <span class='ocrx_word' id='word_1_100' title='bbox 1260 945 1417 987; x_wconf 84' lang='lat' dir='ltr'>Vtrum</span> 
     </span>
     <span class='ocr_line' id='line_1_15' title="bbox 73 998 1419 1059; baseline 0 -14"><span class='ocrx_word' id='word_1_101' title='bbox 73 1018 175 1045; x_wconf 88' lang='lat' dir='ltr'>uero</span> <span class='ocrx_word' id='word_1_102' title='bbox 203 1003 520 1045; x_wconf 87' lang='lat' dir='ltr'>comoediarum</span> <span class='ocrx_word' id='word_1_103' title='bbox 547 1003 831 1058; x_wconf 87' lang='lat' dir='ltr'>elegiacarum</span> <span class='ocrx_word' id='word_1_104' title='bbox 860 1018 994 1059; x_wconf 86' lang='lat' dir='ltr'>genus</span> <span class='ocrx_word' id='word_1_105' title='bbox 1021 998 1233 1046; x_wconf 79' lang='lat' dir='ltr'>uetustius</span> <span class='ocrx_word' id='word_1_106' title='bbox 1262 1004 1330 1059; x_wconf 90' lang='lat' dir='ltr'>sit,</span> <span class='ocrx_word' id='word_1_107' title='bbox 1358 1004 1419 1045; x_wconf 87' lang='lat' dir='ltr'>di-</span> 
     </span>
     <span class='ocr_line' id='line_1_16' title="bbox 72 1062 554 1103; baseline 0.002 -1"><span class='ocrx_word' id='word_1_108' title='bbox 72 1062 260 1103; x_wconf 87' lang='lat' dir='ltr'>iudicare</span> <span class='ocrx_word' id='word_1_109' title='bbox 291 1077 378 1103; x_wconf 90' lang='lat' dir='ltr'>non</span> <span class='ocrx_word' id='word_1_110' title='bbox 410 1063 554 1103; x_wconf 87' lang='lat' dir='ltr'>audeo.</span> 
     </span>
    </p>

    <p class='ocr_par' dir='ltr' id='par_1_3' title="bbox 193 1120 1269 1175">
     <span class='ocr_line' id='line_1_17' title="bbox 193 1120 1269 1175; baseline 0.001 -14"><span class='ocrx_word' id='word_1_111' title='bbox 193 1120 294 1162; x_wconf 86' lang='lat' dir='ltr'>Tria</span> <span class='ocrx_word' id='word_1_112' title='bbox 325 1121 460 1175; x_wconf 87' lang='lat' dir='ltr'>igitur</span> <span class='ocrx_word' id='word_1_113' title='bbox 492 1121 806 1162; x_wconf 86' lang='lat' dir='ltr'>comoediarum</span> <span class='ocrx_word' id='word_1_114' title='bbox 840 1134 999 1175; x_wconf 87' lang='lat' dir='ltr'>genera</span> <span class='ocrx_word' id='word_1_115' title='bbox 1032 1121 1269 1175; x_wconf 78' lang='lat' dir='ltr'>distinguo:</span> 
     </span>
    </p>

    <p class='ocr_par' dir='ltr' id='par_1_4' title="bbox 179 1179 1293 1234">
     <span class='ocr_line' id='line_1_18' title="bbox 179 1179 1293 1234; baseline 0.001 -14"><span class='ocrx_word' id='word_1_116' title='bbox 179 1179 201 1220; x_wconf 88' lang='lat' dir='ltr'>I</span> <span class='ocrx_word' id='word_1_117' title='bbox 222 1179 462 1220; x_wconf 89' lang='lat' dir='ltr'>comoedias</span> <span class='ocrx_word' id='word_1_118' title='bbox 482 1179 744 1221; x_wconf 88' lang='lat' dir='ltr'>Horatianas</span> <span class='ocrx_word' id='word_1_119' title='bbox 771 1180 1029 1221; x_wconf 81' lang='lat' dir='ltr'>hexametris</span> <span class='ocrx_word' id='word_1_120' title='bbox 1052 1181 1293 1234; x_wconf 87' lang='lat' dir='ltr'>adstrictas,</span> 
     </span>
    </p>

    <p class='ocr_par' dir='ltr' id='par_1_5' title="bbox 162 1237 1020 1294">
     <span class='ocr_line' id='line_1_19' title="bbox 162 1237 1020 1294; baseline 0.002 -16"><span class='ocrx_word' id='word_1_121' title='bbox 162 1237 205 1278; x_wconf 91' lang='lat' dir='ltr'>II</span> <span class='ocrx_word' id='word_1_122' title='bbox 226 1238 465 1280; x_wconf 85' lang='lat' dir='ltr'>comoedias</span> <span class='ocrx_word' id='word_1_123' title='bbox 498 1237 763 1280; x_wconf 87' lang='lat' dir='ltr'>Horatianas</span> <span class='ocrx_word' id='word_1_124' title='bbox 796 1239 1020 1294; x_wconf 85' lang='lat' dir='ltr'>elegiacas,</span> 
     </span>
    </p>

    <p class='ocr_par' dir='ltr' id='par_1_6' title="bbox 73 1296 1420 2409">
     <span class='ocr_line' id='line_1_20' title="bbox 138 1296 1347 1353; baseline 0.002 -16"><span class='ocrx_word' id='word_1_125' title='bbox 138 1296 203 1337; x_wconf 92' lang='lat' dir='ltr'>III</span> <span class='ocrx_word' id='word_1_126' title='bbox 223 1297 467 1339; x_wconf 88' lang='lat' dir='ltr'>comoedias</span> <span class='ocrx_word' id='word_1_127' title='bbox 495 1311 603 1351; x_wconf 87' lang='lat' dir='ltr'>quae</span> <span class='ocrx_word' id='word_1_128' title='bbox 629 1298 714 1338; x_wconf 89' lang='lat' dir='ltr'>iam</span> <span class='ocrx_word' id='word_1_129' title='bbox 741 1298 873 1353; x_wconf 90' lang='lat' dir='ltr'>uulgo</span> <span class='ocrx_word' id='word_1_130' title='bbox 895 1298 1094 1339; x_wconf 87' lang='lat' dir='ltr'>dicuntur</span> <span class='ocrx_word' id='word_1_131' title='bbox 1121 1298 1347 1353; x_wconf 90' lang='lat' dir='ltr'>elegiacae.</span> 
     </span>
     <span class='ocr_line' id='line_1_21' title="bbox 73 1354 1419 1411; baseline 0.001 -15"><span class='ocrx_word' id='word_1_132' title='bbox 73 1354 140 1396; x_wconf 90' lang='lat' dir='ltr'>Ne</span> <span class='ocrx_word' id='word_1_133' title='bbox 167 1358 314 1397; x_wconf 89' lang='lat' dir='ltr'>tamen</span> <span class='ocrx_word' id='word_1_134' title='bbox 338 1357 557 1409; x_wconf 86' lang='lat' dir='ltr'>putaueris</span> <span class='ocrx_word' id='word_1_135' title='bbox 584 1358 761 1411; x_wconf 89' lang='lat' dir='ltr'>propter</span> <span class='ocrx_word' id='word_1_136' title='bbox 793 1356 905 1397; x_wconf 89' lang='lat' dir='ltr'>hunc</span> <span class='ocrx_word' id='word_1_137' title='bbox 933 1357 1124 1397; x_wconf 86' lang='lat' dir='ltr'>ordinem</span> <span class='ocrx_word' id='word_1_138' title='bbox 1152 1372 1218 1397; x_wconf 89' lang='lat' dir='ltr'>me</span> <span class='ocrx_word' id='word_1_139' title='bbox 1245 1360 1419 1398; x_wconf 90' lang='lat' dir='ltr'>conten-</span> 
     </span>
     <span class='ocr_line' id='line_1_22' title="bbox 75 1413 1418 1469; baseline 0.001 -15"><span class='ocrx_word' id='word_1_140' title='bbox 75 1413 171 1455; x_wconf 89' lang='lat' dir='ltr'>dere</span> <span class='ocrx_word' id='word_1_141' title='bbox 205 1429 239 1455; x_wconf 92' lang='lat' dir='ltr'>e.</span> <span class='ocrx_word' id='word_1_142' title='bbox 271 1428 310 1469; x_wconf 89' lang='lat' dir='ltr'>g.</span> <span class='ocrx_word' id='word_1_143' title='bbox 350 1413 415 1455; x_wconf 71' lang='lat' dir='ltr'>‘de</span> <span class='ocrx_word' id='word_1_144' title='bbox 454 1414 592 1455; x_wconf 89' lang='lat' dir='ltr'>tribus</span> <span class='ocrx_word' id='word_1_145' title='bbox 632 1414 803 1468; x_wconf 82' lang='lat' dir='ltr'>puellis&#39;</span> <span class='ocrx_word' id='word_1_146' title='bbox 840 1416 1104 1456; x_wconf 84' lang='lat' dir='ltr'>comoediam</span> <span class='ocrx_word' id='word_1_147' title='bbox 1138 1417 1418 1457; x_wconf 89' lang='lat' dir='ltr'>uetustiorem</span> 
     </span>
     <span class='ocr_line' id='line_1_23' title="bbox 74 1472 1418 1528; baseline 0.001 -15"><span class='ocrx_word' id='word_1_148' title='bbox 74 1487 166 1514; x_wconf 88' lang='lat' dir='ltr'>esse</span> <span class='ocrx_word' id='word_1_149' title='bbox 191 1472 352 1514; x_wconf 89' lang='lat' dir='ltr'>Vitalis</span> <span class='ocrx_word' id='word_1_150' title='bbox 385 1473 615 1514; x_wconf 87' lang='lat' dir='ltr'>comoediis</span> <span class='ocrx_word' id='word_1_151' title='bbox 648 1476 722 1514; x_wconf 85' lang='lat' dir='ltr'>aut</span> <span class='ocrx_word' id='word_1_152' title='bbox 753 1473 948 1514; x_wconf 89' lang='lat' dir='ltr'>tabulam</span> <span class='ocrx_word' id='word_1_153' title='bbox 981 1475 1318 1528; x_wconf 88' lang='lat' dir='ltr'>compositurum</span> <span class='ocrx_word' id='word_1_154' title='bbox 1351 1489 1418 1515; x_wconf 91' lang='lat' dir='ltr'>me</span> 
     </span>
     <span class='ocr_line' id='line_1_24' title="bbox 75 1532 1418 1585; baseline 0.002 -13"><span class='ocrx_word' id='word_1_155' title='bbox 75 1545 167 1572; x_wconf 90' lang='lat' dir='ltr'>esse</span> <span class='ocrx_word' id='word_1_156' title='bbox 199 1546 344 1572; x_wconf 87' lang='lat' dir='ltr'>carum</span> <span class='ocrx_word' id='word_1_157' title='bbox 371 1546 479 1585; x_wconf 87' lang='lat' dir='ltr'>quae</span> <span class='ocrx_word' id='word_1_158' title='bbox 511 1532 634 1573; x_wconf 89' lang='lat' dir='ltr'>nobis</span> <span class='ocrx_word' id='word_1_159' title='bbox 663 1535 857 1573; x_wconf 86' lang='lat' dir='ltr'>seruatae</span> <span class='ocrx_word' id='word_1_160' title='bbox 883 1533 951 1573; x_wconf 92' lang='lat' dir='ltr'>uel</span> <span class='ocrx_word' id='word_1_161' title='bbox 978 1532 1116 1574; x_wconf 83' lang='lat' dir='ltr'>adhuc</span> <span class='ocrx_word' id='word_1_162' title='bbox 1142 1533 1281 1574; x_wconf 87' lang='lat' dir='ltr'>editae</span> <span class='ocrx_word' id='word_1_163' title='bbox 1308 1537 1418 1575; x_wconf 89' lang='lat' dir='ltr'>sunt.</span> 
     </span>
     <span class='ocr_line' id='line_1_25' title="bbox 74 1588 1418 1633; baseline 0.002 -3"><span class='ocrx_word' id='word_1_164' title='bbox 74 1588 196 1631; x_wconf 88' lang='lat' dir='ltr'>Nihil</span> <span class='ocrx_word' id='word_1_165' title='bbox 217 1590 332 1631; x_wconf 89' lang='lat' dir='ltr'>aliud</span> <span class='ocrx_word' id='word_1_166' title='bbox 354 1590 447 1632; x_wconf 91' lang='lat' dir='ltr'>dico</span> <span class='ocrx_word' id='word_1_167' title='bbox 462 1590 547 1631; x_wconf 88' lang='lat' dir='ltr'>nisi</span> <span class='ocrx_word' id='word_1_168' title='bbox 567 1590 680 1632; x_wconf 91' lang='lat' dir='ltr'>hunc</span> <span class='ocrx_word' id='word_1_169' title='bbox 695 1605 786 1632; x_wconf 89' lang='lat' dir='ltr'>esse</span> <span class='ocrx_word' id='word_1_170' title='bbox 799 1591 989 1632; x_wconf 86' lang='lat' dir='ltr'>ordinem</span> <span class='ocrx_word' id='word_1_171' title='bbox 1011 1591 1418 1633; x_wconf 83' lang='lat' dir='ltr'>transformationis.</span> 
     </span>
     <span class='ocr_line' id='line_1_26' title="bbox 73 1647 1418 1705; baseline 0.001 -16"><span class='ocrx_word' id='word_1_172' title='bbox 73 1647 262 1690; x_wconf 88' lang='lat' dir='ltr'>Possunt</span> <span class='ocrx_word' id='word_1_173' title='bbox 287 1663 389 1690; x_wconf 90' lang='lat' dir='ltr'>uero</span> <span class='ocrx_word' id='word_1_174' title='bbox 423 1649 583 1690; x_wconf 90' lang='lat' dir='ltr'>multae</span> <span class='ocrx_word' id='word_1_175' title='bbox 610 1649 826 1704; x_wconf 88' lang='lat' dir='ltr'>interisse,</span> <span class='ocrx_word' id='word_1_176' title='bbox 856 1653 1039 1704; x_wconf 85' lang='lat' dir='ltr'>possunt</span> <span class='ocrx_word' id='word_1_177' title='bbox 1073 1650 1323 1692; x_wconf 89' lang='lat' dir='ltr'>uetustioris</span> <span class='ocrx_word' id='word_1_178' title='bbox 1350 1664 1418 1705; x_wconf 90' lang='lat' dir='ltr'>ge-</span> 
     </span>
     <span class='ocr_line' id='line_1_27' title="bbox 73 1707 1418 1763; baseline 0.001 -15"><span class='ocrx_word' id='word_1_179' title='bbox 73 1708 189 1748; x_wconf 88' lang='lat' dir='ltr'>neris</span> <span class='ocrx_word' id='word_1_180' title='bbox 210 1707 454 1749; x_wconf 89' lang='lat' dir='ltr'>comoediae</span> <span class='ocrx_word' id='word_1_181' title='bbox 475 1722 571 1749; x_wconf 89' lang='lat' dir='ltr'>cum</span> <span class='ocrx_word' id='word_1_182' title='bbox 592 1707 677 1749; x_wconf 89' lang='lat' dir='ltr'>iam</span> <span class='ocrx_word' id='word_1_183' title='bbox 697 1708 870 1750; x_wconf 89' lang='lat' dir='ltr'>floreret</span> <span class='ocrx_word' id='word_1_184' title='bbox 886 1709 1098 1750; x_wconf 84' lang='lat' dir='ltr'>recentius</span> <span class='ocrx_word' id='word_1_185' title='bbox 1115 1723 1205 1750; x_wconf 89' lang='lat' dir='ltr'>esse</span> <span class='ocrx_word' id='word_1_186' title='bbox 1222 1710 1418 1763; x_wconf 86' lang='lat' dir='ltr'>scriptae.</span> 
     </span>
     <span class='ocr_line' id='line_1_28' title="bbox 75 1765 1418 1823; baseline 0.001 -16"><span class='ocrx_word' id='word_1_187' title='bbox 75 1765 260 1808; x_wconf 88' lang='lat' dir='ltr'>Omnino</span> <span class='ocrx_word' id='word_1_188' title='bbox 293 1767 466 1808; x_wconf 90' lang='lat' dir='ltr'>tabulas</span> <span class='ocrx_word' id='word_1_189' title='bbox 498 1767 608 1808; x_wconf 87' lang='lat' dir='ltr'>tales</span> <span class='ocrx_word' id='word_1_190' title='bbox 641 1767 766 1808; x_wconf 89' lang='lat' dir='ltr'>nihili</span> <span class='ocrx_word' id='word_1_191' title='bbox 796 1767 920 1820; x_wconf 85' lang='lat' dir='ltr'>facio,</span> <span class='ocrx_word' id='word_1_192' title='bbox 953 1768 1153 1823; x_wconf 86' lang='lat' dir='ltr'>quoniam</span> <span class='ocrx_word' id='word_1_193' title='bbox 1188 1768 1293 1809; x_wconf 92' lang='lat' dir='ltr'>mihi</span> <span class='ocrx_word' id='word_1_194' title='bbox 1325 1783 1418 1822; x_wconf 91' lang='lat' dir='ltr'>per-</span> 
     </span>
     <span class='ocr_line' id='line_1_29' title="bbox 75 1825 1418 1880; baseline 0.002 -15"><span class='ocrx_word' id='word_1_195' title='bbox 75 1839 249 1866; x_wconf 87' lang='lat' dir='ltr'>suasum</span> <span class='ocrx_word' id='word_1_196' title='bbox 281 1828 347 1867; x_wconf 88' lang='lat' dir='ltr'>est</span> <span class='ocrx_word' id='word_1_197' title='bbox 374 1840 424 1866; x_wconf 87' lang='lat' dir='ltr'>ex</span> <span class='ocrx_word' id='word_1_198' title='bbox 449 1825 661 1876; x_wconf 85' lang='lat' dir='ltr'>metricis,</span> <span class='ocrx_word' id='word_1_199' title='bbox 692 1826 968 1880; x_wconf 83' lang='lat' dir='ltr'>rhythmicis,</span> <span class='ocrx_word' id='word_1_200' title='bbox 1002 1826 1216 1868; x_wconf 87' lang='lat' dir='ltr'>similibus</span> <span class='ocrx_word' id='word_1_201' title='bbox 1248 1827 1418 1868; x_wconf 88' lang='lat' dir='ltr'>indiciis</span> 
     </span>
     <span class='ocr_line' id='line_1_30' title="bbox 75 1883 1418 1940; baseline 0.001 -15"><span class='ocrx_word' id='word_1_202' title='bbox 75 1883 125 1924; x_wconf 88' lang='lat' dir='ltr'>de</span> <span class='ocrx_word' id='word_1_203' title='bbox 170 1898 317 1925; x_wconf 88' lang='lat' dir='ltr'>eorum</span> <span class='ocrx_word' id='word_1_204' title='bbox 362 1884 531 1939; x_wconf 89' lang='lat' dir='ltr'>quidem</span> <span class='ocrx_word' id='word_1_205' title='bbox 575 1888 819 1938; x_wconf 86' lang='lat' dir='ltr'>temporum</span> <span class='ocrx_word' id='word_1_206' title='bbox 866 1885 1037 1940; x_wconf 88' lang='lat' dir='ltr'>scriptis</span> <span class='ocrx_word' id='word_1_207' title='bbox 1075 1885 1184 1926; x_wconf 89' lang='lat' dir='ltr'>nihil</span> <span class='ocrx_word' id='word_1_208' title='bbox 1223 1885 1418 1927; x_wconf 88' lang='lat' dir='ltr'>concludi</span> 
     </span>
     <span class='ocr_line' id='line_1_31' title="bbox 75 1942 1420 1996; baseline 0.001 -13"><span class='ocrx_word' id='word_1_209' title='bbox 75 1956 213 1995; x_wconf 89' lang='lat' dir='ltr'>posse.</span> <span class='ocrx_word' id='word_1_210' title='bbox 272 1942 419 1984; x_wconf 88' lang='lat' dir='ltr'>Veluti</span> <span class='ocrx_word' id='word_1_211' title='bbox 450 1942 642 1984; x_wconf 90' lang='lat' dir='ltr'>Vitalem</span> <span class='ocrx_word' id='word_1_212' title='bbox 674 1946 846 1996; x_wconf 86' lang='lat' dir='ltr'>poetam</span> <span class='ocrx_word' id='word_1_213' title='bbox 880 1946 1031 1985; x_wconf 88' lang='lat' dir='ltr'>octauo</span> <span class='ocrx_word' id='word_1_214' title='bbox 1065 1944 1233 1986; x_wconf 87' lang='lat' dir='ltr'>saeculo</span> <span class='ocrx_word' id='word_1_215' title='bbox 1266 1945 1420 1986; x_wconf 89' lang='lat' dir='ltr'>tribuit</span> 
     </span>
     <span class='ocr_line' id='line_1_32' title="bbox 73 1999 1418 2055; baseline 0.002 -14"><span class='ocrx_word' id='word_1_216' title='bbox 73 1999 327 2055; x_wconf 86' lang='lat' dir='ltr'>Rudolphus</span> <span class='ocrx_word' id='word_1_217' title='bbox 352 2001 506 2055; x_wconf 89' lang='lat' dir='ltr'>Peiper</span> <span class='ocrx_word' id='word_1_218' title='bbox 533 2004 709 2055; x_wconf 90' lang='lat' dir='ltr'>propter</span> <span class='ocrx_word' id='word_1_219' title='bbox 735 2002 960 2043; x_wconf 91' lang='lat' dir='ltr'>elisionum</span> <span class='ocrx_word' id='word_1_220' title='bbox 988 2014 1123 2044; x_wconf 81' lang='lat' dir='ltr'>usum.</span> <span class='ocrx_word' id='word_1_221' title='bbox 1167 2002 1290 2044; x_wconf 87' lang='lat' dir='ltr'>Nihil</span> <span class='ocrx_word' id='word_1_222' title='bbox 1316 2018 1418 2044; x_wconf 88' lang='lat' dir='ltr'>uero</span> 
     </span>
     <span class='ocr_line' id='line_1_33' title="bbox 77 2059 1419 2115; baseline 0.003 -16"><span class='ocrx_word' id='word_1_223' title='bbox 77 2073 128 2100; x_wconf 85' lang='lat' dir='ltr'>ex</span> <span class='ocrx_word' id='word_1_224' title='bbox 154 2073 202 2100; x_wconf 94' lang='lat' dir='ltr'>eo</span> <span class='ocrx_word' id='word_1_225' title='bbox 228 2059 453 2112; x_wconf 87' lang='lat' dir='ltr'>probabile</span> <span class='ocrx_word' id='word_1_226' title='bbox 481 2059 681 2115; x_wconf 87' lang='lat' dir='ltr'>efficitur,</span> <span class='ocrx_word' id='word_1_227' title='bbox 715 2061 925 2114; x_wconf 86' lang='lat' dir='ltr'>siquidem</span> <span class='ocrx_word' id='word_1_228' title='bbox 950 2061 1214 2115; x_wconf 88' lang='lat' dir='ltr'>permultum</span> <span class='ocrx_word' id='word_1_229' title='bbox 1238 2062 1419 2103; x_wconf 88' lang='lat' dir='ltr'>interest</span> 
     </span>
     <span class='ocr_line' id='line_1_34' title="bbox 76 2117 1416 2175; baseline 0.003 -18"><span class='ocrx_word' id='word_1_230' title='bbox 76 2117 177 2171; x_wconf 84' lang='lat' dir='ltr'>quid</span> <span class='ocrx_word' id='word_1_231' title='bbox 209 2117 368 2172; x_wconf 84' lang='lat' dir='ltr'>singuli</span> <span class='ocrx_word' id='word_1_232' title='bbox 407 2120 599 2160; x_wconf 87' lang='lat' dir='ltr'>auctores</span> <span class='ocrx_word' id='word_1_233' title='bbox 632 2119 860 2161; x_wconf 89' lang='lat' dir='ltr'>didicerint</span> <span class='ocrx_word' id='word_1_234' title='bbox 899 2134 922 2160; x_wconf 89' lang='lat' dir='ltr'>a</span> <span class='ocrx_word' id='word_1_235' title='bbox 955 2120 1195 2175; x_wconf 79' lang='lat' dir='ltr'>magistris,</span> <span class='ocrx_word' id='word_1_236' title='bbox 1236 2135 1416 2175; x_wconf 84' lang='lat' dir='ltr'>quorum</span> 
     </span>
     <span class='ocr_line' id='line_1_35' title="bbox 75 2176 1414 2231; baseline 0.002 -14"><span class='ocrx_word' id='word_1_237' title='bbox 75 2176 315 2218; x_wconf 90' lang='lat' dir='ltr'>doctrinam</span> <span class='ocrx_word' id='word_1_238' title='bbox 353 2177 550 2218; x_wconf 88' lang='lat' dir='ltr'>omnibus</span> <span class='ocrx_word' id='word_1_239' title='bbox 593 2177 700 2218; x_wconf 92' lang='lat' dir='ltr'>locis</span> <span class='ocrx_word' id='word_1_240' title='bbox 741 2192 817 2231; x_wconf 86' lang='lat' dir='ltr'>per</span> <span class='ocrx_word' id='word_1_241' title='bbox 853 2180 993 2220; x_wconf 89' lang='lat' dir='ltr'>totum</span> <span class='ocrx_word' id='word_1_242' title='bbox 1035 2178 1221 2220; x_wconf 86' lang='lat' dir='ltr'>medium</span> <span class='ocrx_word' id='word_1_243' title='bbox 1262 2194 1414 2220; x_wconf 87' lang='lat' dir='ltr'>aeuum</span> 
     </span>
     <span class='ocr_line' id='line_1_36' title="bbox 76 2235 1418 2291; baseline 0.002 -15"><span class='ocrx_word' id='word_1_244' title='bbox 76 2235 255 2276; x_wconf 88' lang='lat' dir='ltr'>eandem</span> <span class='ocrx_word' id='word_1_245' title='bbox 286 2235 417 2277; x_wconf 82' lang='lat' dir='ltr'>fuisse</span> <span class='ocrx_word' id='word_1_246' title='bbox 447 2250 572 2277; x_wconf 89' lang='lat' dir='ltr'>nemo</span> <span class='ocrx_word' id='word_1_247' title='bbox 605 2238 710 2290; x_wconf 88' lang='lat' dir='ltr'>puto</span> <span class='ocrx_word' id='word_1_248' title='bbox 738 2237 977 2278; x_wconf 89' lang='lat' dir='ltr'>contendet.</span> <span class='ocrx_word' id='word_1_249' title='bbox 1014 2262 1062 2268; x_wconf 84' lang='lat'>—</span> <span class='ocrx_word' id='word_1_250' title='bbox 1099 2237 1158 2278; x_wconf 88' lang='lat' dir='ltr'>At</span> <span class='ocrx_word' id='word_1_251' title='bbox 1190 2238 1261 2291; x_wconf 86' lang='lat' dir='ltr'>qui</span> <span class='ocrx_word' id='word_1_252' title='bbox 1293 2237 1418 2279; x_wconf 83' lang='lat' dir='ltr'>tabu-</span> 
     </span>
     <span class='ocr_line' id='line_1_37' title="bbox 74 2293 1417 2350; baseline 0.002 -16"><span class='ocrx_word' id='word_1_253' title='bbox 74 2293 160 2335; x_wconf 89' lang='lat' dir='ltr'>lam</span> <span class='ocrx_word' id='word_1_254' title='bbox 205 2296 271 2335; x_wconf 91' lang='lat' dir='ltr'>est</span> <span class='ocrx_word' id='word_1_255' title='bbox 310 2294 648 2349; x_wconf 76' lang='lat' dir='ltr'>compositurus,</span> <span class='ocrx_word' id='word_1_256' title='bbox 692 2295 809 2349; x_wconf 86' lang='lat' dir='ltr'>prius</span> <span class='ocrx_word' id='word_1_257' title='bbox 854 2296 899 2336; x_wconf 92' lang='lat' dir='ltr'>in</span> <span class='ocrx_word' id='word_1_258' title='bbox 938 2296 1132 2350; x_wconf 86' lang='lat' dir='ltr'>singulas</span> <span class='ocrx_word' id='word_1_259' title='bbox 1174 2296 1417 2337; x_wconf 88' lang='lat' dir='ltr'>comoedias</span> 
     </span>
     <span class='ocr_line' id='line_1_38' title="bbox 76 2352 1418 2409; baseline 0 -14"><span class='ocrx_word' id='word_1_260' title='bbox 76 2352 395 2395; x_wconf 89' lang='lat' dir='ltr'>accuratissime</span> <span class='ocrx_word' id='word_1_261' title='bbox 428 2353 616 2407; x_wconf 89' lang='lat' dir='ltr'>inquirat</span> <span class='ocrx_word' id='word_1_262' title='bbox 644 2368 895 2409; x_wconf 89' lang='lat' dir='ltr'>semperque</span> <span class='ocrx_word' id='word_1_263' title='bbox 922 2355 1222 2396; x_wconf 82' lang='lat' dir='ltr'>reminiscatur</span> <span class='ocrx_word' id='word_1_264' title='bbox 1248 2357 1418 2409; x_wconf 88' lang='lat' dir='ltr'>oportet</span> 
     </span>
    </p>
   </div>
  </div>
 </body>
</html>
