1635 2632
780 156 1040 196 -6-

235 275 351 302 mam
367 259 554 301 mutuati
569 259 669 314 sint,
679 259 866 301 dubitari
877 260 1056 315 nequit?
1067 285 1125 290 —
1138 260 1348 316 Equidem
1362 262 1582 305 interioris

236 319 400 360 formae
428 318 470 360 id
491 321 556 360 est
574 318 777 360 narrandi
802 318 928 360 huius
950 320 1120 375 generis
1141 319 1340 361 Ouidium
1362 323 1580 363 auctorem

236 378 371 419 fuisse
399 392 524 433 quam
551 377 736 419 maxime
762 391 873 433 nego
900 381 1129 432 propterea
1157 379 1271 432 quod
1295 379 1463 420 nullum
1484 379 1582 421 Oui-

236 436 415 478 dianum
446 451 599 491 poema
630 435 743 478 hunc
775 436 820 477 in
851 437 1024 478 modum
1058 437 1343 491 compositum
1376 440 1460 492 est,
1497 438 1582 480 nisi

235 495 350 537 forte
383 495 574 537 ostendis
602 494 843 537 ‘Amorum'
876 495 979 537 libri
1002 495 1071 537 III
1103 495 1287 551 elegiam
1315 496 1354 550 3,
1386 511 1495 551 quae
1520 499 1584 538 ta-

235 568 333 595 men
363 568 450 595 non
481 569 656 608 prorsus
689 554 773 595 huc
805 554 988 608 quadrat
1020 557 1062 596 et
1095 569 1223 609 quam
1253 555 1366 596 inter
1391 555 1582 597 carmina

234 613 409 654 illorum
443 612 550 654 ‘sine
576 612 720 654 titulo'
752 613 962 655 librorum
990 613 1166 654 minime
1192 613 1237 654 in
1264 613 1427 656 deliciis
1453 614 1583 656 medii

235 671 330 712 aeui
362 671 495 713 fuisse
527 674 644 726 puto.
694 671 778 713 Pro
812 674 928 713 certo
961 672 1096 726 igitur
1128 671 1268 713 habeo
1296 672 1412 713 aliud
1444 687 1582 714 exem-

233 731 354 784 plum
376 730 664 784 quaerendum
686 745 790 785 esse,
819 730 932 785 quod
953 730 1271 772 comoediarum
1294 731 1582 785 elegiacarum

235 791 432 830 auctores
466 789 602 831 secuti
635 789 731 830 sint.

351 847 514 889 Earum
555 847 725 903 quidem
770 848 1087 890 comoediarum
1131 862 1237 902 quas
1275 847 1582 890 Muellenbach

231 906 395 961 primus
433 921 518 948 uno
562 907 733 948 nomine
770 907 1093 962 comprehendit
1130 921 1208 961 par
1245 907 1314 948 uel
1353 907 1494 948 simile
1532 908 1577 949 in

233 965 421 1020 antiquis
454 965 611 1007 litteris
642 964 810 1007 Latinis
841 981 928 1007 non
960 966 1188 1020 reperitur,
1221 965 1295 1007 sed
1328 980 1492 1020 earum,
1526 980 1577 1007 ex

233 1024 388 1078 quibus
408 1024 487 1066 has
509 1026 625 1066 ortas
646 1039 738 1066 esse
759 1025 971 1066 existimo.
1003 1024 1190 1065 Exstant
1204 1025 1316 1065 enim
1331 1024 1577 1067 comoediae

233 1083 491 1138 complures,
528 1083 579 1124 de
616 1083 770 1137 quibus
808 1087 896 1125 tres
933 1083 1015 1125 hoc
1053 1085 1145 1124 loco
1182 1083 1431 1125 tractandas
1470 1083 1579 1125 mihi

234 1142 416 1196 sumpsi,
451 1156 558 1196 quae
591 1145 691 1183 sunt
723 1141 789 1184 ‘de
815 1143 967 1184 nuntio
995 1141 1167 1197 sagaci'‚
1201 1141 1267 1183 ‘de
1299 1142 1440 1183 tribus
1464 1142 1580 1197 puel-

232 1200 317 1254 lis'‚
350 1200 417 1242 ede
449 1201 590 1242 tribus
624 1200 780 1243 sociis'.
843 1199 1033 1249 Quarum
1071 1200 1256 1255 primam
1294 1215 1432 1254 nuper
1469 1200 1583 1243 edidi

234 1259 278 1300 in
311 1259 496 1301 ‘schedis
528 1259 780 1315 philologis'
813 1259 1063 1302 Hermanno
1091 1258 1255 1301 Vsener
1280 1259 1432 1301 dicatis
1458 1275 1499 1314 p.
1527 1260 1582 1302 10

233 1319 374 1372 —34‚
414 1333 543 1372 quam
582 1320 730 1360 tamen
763 1318 901 1360 denuo
935 1322 977 1360 et
1008 1321 1056 1360 ut
1086 1321 1190 1373 puto
1224 1318 1376 1359 melius
1409 1332 1459 1360 ex
1489 1318 1583 1374 plu-

233 1377 352 1418 ribus
397 1377 519 1418 libris
558 1377 627 1419 hic
664 1377 855 1432 profero,
904 1377 1134 1419 secundam
1179 1377 1291 1431 quod
1336 1376 1468 1419 sciam
1511 1377 1581 1418 his

236 1435 407 1490 quidem
432 1436 700 1490 temporibus
721 1437 886 1491 primus
909 1436 1000 1487 edo,
1026 1438 1204 1477 tertiam
1223 1438 1372 1490 repeto
1395 1450 1446 1476 ex
1465 1435 1582 1477 Hau-

233 1495 368 1536 reauii
402 1498 444 1536 et
469 1494 640 1549 Peiperi
673 1495 947 1537 editionibus.
997 1494 1076 1536 His
1107 1495 1248 1536 tribus
1279 1493 1511 1536 comoediis
1537 1494 1581 1536 id

232 1568 458 1595 commune
485 1557 568 1608 est,
599 1554 712 1608 quod
738 1557 866 1608 poet-a
891 1568 979 1595 non
1006 1555 1127 1595 extra
1151 1567 1242 1594 rem
1268 1555 1466 1595 uersatus
1493 1567 1583 1595 car-

232 1627 331 1653 men
368 1613 622 1666 pronuntiat
662 1613 712 1654 de
751 1612 846 1654 aliis
883 1612 1151 1667 hominibus,
1196 1611 1270 1653 sed
1314 1611 1365 1653 de
1404 1625 1448 1654 se
1486 1611 1581 1666 ipso

233 1671 354 1725 quasi
385 1685 461 1726 per
492 1671 772 1726 monologum
798 1674 962 1725 narrat,
995 1670 1098 1725 quid
1130 1670 1214 1712 sibi
1246 1671 1449 1713 euenerit.
1500 1669 1581 1713 Oui

232 1730 462 1782 monologo
496 1744 714 1771 sermones
745 1730 897 1770 inserti
930 1734 1030 1770 sunt
1055 1743 1201 1771 eorum
1228 1729 1300 1783 qui
1326 1743 1417 1770 rem
1443 1731 1580 1784 agunt

231 1791 322 1829 tam
357 1788 495 1830 uiuide
526 1789 673 1839 relati,
705 1791 753 1830 ut
784 1788 897 1829 idem
930 1788 1143 1830 efficiatur
1175 1787 1288 1842 quod
1319 1787 1364 1828 in
1394 1787 1479 1830 illis
1512 1802 1580 1830 co-

231 1846 424 1889 moediis.
484 1846 585 1889 Non
621 1847 757 1902 igitur
798 1847 994 1888 dubitaui
1030 1846 1138 1888 haec
1176 1860 1342 1900 quoque
1374 1849 1576 1900 poemata

232 1905 549 1948 comoediarum
581 1919 759 1947 numero
793 1906 1041 1959 attribuere,
1074 1919 1333 1959 quamquam
1365 1919 1503 1960 neque
1535 1906 1581 1947 in

232 1979 363 2006 manu
396 1965 568 2019 scriptis
600 1979 737 2019 neque
770 1964 814 2005 in
840 1963 1060 2019 impressis
1089 1963 1213 2005 libris
1240 1964 1310 2005 hic
1337 1963 1490 2005 titulus
1518 1964 1579 2006 eis

235 2023 426 2065 adiectus
454 2026 529 2065 est.
561 2022 749 2065 Maxime
769 2023 953 2065 fortasse
974 2022 1212 2077 miraberis,
1238 2021 1350 2077 quod
1378 2023 1580 2077 exiguum

235 2081 302 2123 ‘de
328 2082 468 2123 tribus
496 2081 638 2124 sociis'
664 2083 927 2137 poematium
954 2081 1219 2124 comoediam
1244 2081 1412 2123 uocaui.
1463 2080 1580 2123 Nam

233 2140 345 2196 quod
374 2140 610 2182 Guilelmus
638 2138 853 2196 Cloetta1)
887 2155 938 2182 ex
965 2138 1218 2196 Ganfredi2)
1251 2140 1394 2181 uerbis
1422 2140 1577 2195 quibus

232 2199 314 2241 hoc
346 2214 518 2241 carmen
549 2199 800 2241 introducit:

331 2293 364 2336 1)
392 2291 564 2336 Beitr‘age
589 2302 651 2326 zur
677 2289 1008 2336 Litteraturgesch.
1036 2290 1071 2325 d.
1098 2289 1340 2326 Mittelalters
1365 2290 1382 2324 I
1406 2302 1441 2335 p.
1462 2293 1519 2325 84.

328 2342 364 2383 2)
385 2340 503 2383 poetr.
516 2349 601 2373 nou.
616 2350 675 2374 uu.
692 2341 783 2373 1880
798 2349 875 2382 sqq.
893 2354 935 2367 =
949 2337 1097 2384 Leyser,
1117 2337 1276 2373 historia
1288 2338 1386 2383 poet.
1401 2338 1440 2372 et
1458 2347 1579 2382 poem.

232 2386 330 2421 med.
357 2385 441 2421 aeui
466 2398 501 2431 p.
529 2389 608 2420 967.
