1614 2658
498 555 706 609 PRAE
718 554 975 608 FATIO.

155 661 273 703 Inter
297 675 458 716 paucos
490 661 589 702 illos
616 661 752 715 uiros,
785 660 858 714 qui
890 659 1019 701 medii
1052 660 1146 701 aeui
1181 662 1411 704 comoediis

67 734 242 775 operam
281 720 506 773 dederunt,
545 719 682 761 adhuc
720 733 845 760 nemo
880 721 1087 773 quantum
1121 719 1208 760 scio
1242 735 1411 762 accura-

64 779 152 821 tius
178 778 416 833 inquisiuit‚
448 778 661 833 quomodo
691 778 855 819 factum
883 778 940 819 sit
971 779 1019 819 ut
1050 780 1253 832 poemata
1284 779 1410 821 huius

63 837 231 892 generis
251 837 460 891 huiusque
483 837 648 879 formae
669 837 913 878 comoediae
934 840 1201 891 uocarentur,
1228 840 1271 878 et
1298 839 1411 893 quod

64 896 306 951 exemplum
345 898 540 938 auctores
580 910 728 937 eorum
770 895 906 936 secuti
946 896 1045 936 sint.
1108 895 1258 950 Neque
1297 897 1410 939 enim

64 954 292 1010 quisquam
323 958 430 1009 puto
464 954 694 996 contendet
733 968 783 995 ex
817 954 904 995 suis
936 954 1121 1010 ingeniis
1155 958 1306 1009 poetas
1339 957 1409 997 uel

61 1014 377 1055 uersificatores
416 1012 563 1067 illos1)
606 1013 688 1054 hoc
727 1015 976 1067 poematum
1021 1027 1156 1068 genus
1201 1014 1410 1069 hausisse,

62 1071 177 1126 quod
196 1071 408 1113 Ernestus
428 1071 732 1113 Muellenbach
753 1071 955 1114 describit
976 1071 1035 1113 sic
1048 1070 1098 1127 2);
1121 1071 1145 1113 ².
1161 1105 1169 1113 .
1184 1106 1192 1114 .
1208 1074 1409 1128 elegiacis

60 1130 257 1172 uersibus
283 1132 357 1172 aut
378 1130 637 1172 comicarum
665 1130 909 1171 fabularum
931 1133 1185 1185 argumenta
1206 1135 1409 1174 enarrant

62 1191 137 1230 aut
167 1189 414 1231 narratione
445 1189 515 1230 hic
547 1192 589 1230 et
620 1189 710 1231 illic
745 1189 1006 1243 interposita
1038 1190 1133 1244 ipsa
1164 1205 1242 1245 per
1275 1191 1410 1233 diuer-

61 1247 180 1289 bium
213 1247 482 1289 decurrentia
508 1248 798 1289 scaenicarum
834 1248 1162 1290 similitudinem
1196 1250 1409 1303 quandam

59 1320 163 1361 prae
196 1320 240 1347 se
271 1306 443 1347 ferunt?

149 1364 295 1406 Plauti
321 1365 494 1407 fabulae
520 1365 605 1406 illis
630 1365 898 1420 temporibus
918 1365 1006 1407 fere
1017 1365 1050 1419 3)
1072 1367 1248 1420 ignotae
1276 1371 1410 1422 erant,

61 1422 124 1464 ita
149 1426 198 1464 ut
225 1438 294 1465 eas
326 1423 491 1465 imitari
515 1438 603 1465 non
635 1424 794 1466 liceret.
846 1423 965 1473 Quae
994 1425 1030 1465 si
1056 1428 1185 1466 notae
1211 1425 1409 1480 fuissent,

61 1481 276 1536 quomodo
309 1483 503 1537 exemplo
537 1482 695 1524 fuerint
725 1482 915 1538 futurae,
947 1483 1149 1525 discimus
1183 1499 1234 1525 ex
1267 1484 1408 1540 ‘Poly-

59 1539 186 1581 xena'
206 1540 428 1582 comoedia
448 1555 556 1595 quae
578 1556 602 1582 a
616 1540 841 1583 Leonardo
859 1542 1003 1584 Bruno
1018 1541 1223 1584 Arretino
1246 1543 1408 1599 scripta

59 1600 137 1653 est,
168 1613 265 1641 cum
291 1597 524 1641 Sarsinatis
558 1614 688 1653 opera
721 1600 858 1641 denuo
891 1600 1068 1642 inuenta
1095 1603 1285 1644 omnium
1313 1603 1408 1645 doc-

59 1659 202 1699 torum
233 1657 459 1699 hominum
492 1658 658 1700 animos
691 1661 734 1699 et
767 1659 912 1700 oculos
945 1659 989 1700 in
1020 1674 1064 1700 se
1091 1664 1406 1703 conuerterant.

57 1715 248 1758 Terentii
267 1717 510 1758 comoedias
531 1717 704 1759 imitata
724 1720 790 1759 est
812 1717 1125 1771 quodammodo
1146 1718 1407 1762 Hrotsuitha

59 1772 492 1830 Gandeshemensis4)
518 1790 671 1829 prorsa
697 1775 908 1830 oratione,
936 1777 1036 1831 quia
1063 1792 1211 1819 uersus
1239 1780 1406 1832 comici,

58 1846 166 1887 quos
198 1848 251 1875 ne
276 1848 356 1876 nos
389 1834 563 1888 quidem
594 1835 722 1890 plane
754 1835 1056 1889 perspicuum,
1088 1836 1163 1878 illo
1197 1852 1302 1879 aeuo
1329 1839 1405 1879 mi-

56 1891 172 1933 m'me
203 1892 587 1947 intellegebantur.
636 1893 839 1935 Ouidium
871 1894 1006 1948 igitur
1031 1894 1190 1936 imitati
1218 1910 1311 1938 esse
1338 1897 1405 1939 de-

58 1949 163 1991 bent
192 1950 239 1992 hi
269 1951 453 2006 poetae?
505 1950 726 2007 Ouidium,
759 1967 782 1993 a
809 1967 892 2007 quo
927 1953 1028 2007 quin
1055 1954 1288 2008 elegiacam
1320 1956 1404 1998 for-

154 2077 187 2121 1)
221 2075 328 2111 Kuno
360 2077 546 2121 Fraucke,
582 2079 654 2113 Zur
688 2078 818 2114 Gesch.
852 2078 886 2113 d.
913 2078 979 2114 lat.
1007 2079 1246 2125 Schulpoesie
1276 2094 1311 2126 p.
1339 2087 1400 2118 22:

64 2121 167 2156 ‘Man
191 2122 330 2158 konnte
356 2124 527 2159 wirklich
547 2126 670 2161 Neues
689 2125 796 2161 nicht
816 2126 995 2171 sebasten,
1023 2127 1136 2163 daher
1161 2128 1294 2172 spielte
1315 2142 1403 2165 man

56 2168 128 2204 mit
153 2169 237 2204 dem
261 2170 400 2206 Alten.'

152 2217 189 2261 2)
214 2227 306 2252 com.
334 2218 427 2262 eleg.
453 2230 488 2263 p.
516 2222 548 2255 5.

151 2266 187 2307 3)
212 2274 298 2308 pars
325 2264 424 2299 enim
449 2266 487 2300 et
507 2276 529 2300 a
554 2264 715 2301 librariis
742 2269 952 2311 propagata
971 2269 1027 2303 est
1049 2269 1086 2303 et
1107 2279 1128 2302 a
1147 2270 1400 2313 grammaticis

56 2308 207 2353 quidem
233 2309 420 2354 lectitata,
449 2312 491 2346 ut
517 2311 626 2348 docet
651 2312 804 2349 Osberni
829 2313 1052 2350 Pannormia
1079 2315 1322 2361 (Buecheler).

56 2402 79 2438 d
145 2359 188 2437 ἓ)
207 2357 434 2450 ῘιοοΠιιεηίω
460 2360 625 2404 poetriae
646 2371 781 2396 nomen
802 2371 881 2396 esse
902 2362 984 2396 uult
1002 2363 1146 2397 Barack
1167 2363 1240 2407 (die
1261 2365 1398 2399 Werke

82 2413 122 2438 er
183 2431 191 2438 .
218 2416 253 2450 p.
322 2417 372 2449 sq.
