1635 2632
709 71 994 112 —20-

181 179 245 221 fer
272 179 329 220 sis
359 177 552 218 ‘Wiener
574 175 766 218 Studien’
794 176 877 217 1101.
903 175 965 217 IX
991 191 1029 230 p.
1051 177 1106 218 63
1122 190 1182 231 sq.
1209 178 1251 217 et
1272 176 1340 230 67,
1367 174 1524 217 abhinc

183 236 497 294 quinquaginta
527 235 616 277 fere
649 249 781 276 annos
815 235 997 275 amissus
1030 238 1106 276 est.

273 296 337 337 De
364 294 622 336 editionibus
648 293 886 348 ueteribus,
919 307 1098 347 quarum
1124 293 1288 334 nullam
1315 292 1524 347 inspicere

183 354 308 411 potui
338 357 510 409 praeter
536 352 577 394 H
605 355 647 393 et
671 351 734 406 M,
767 351 865 393 uide
897 351 1052 393 ‘tresor
1084 351 1156 393 des
1182 352 1312 393 livres
1338 365 1456 392 rares
1483 353 1526 392 et

184 414 385 469 precieux
411 426 488 466 par
513 411 552 453 J.
574 411 622 453 G.
641 411 717 452 Th.
741 409 940 452 Graesse'
973 413 1075 452 tom.
1102 409 1143 451 V
1174 425 1214 465 p.
1240 410 1296 452 80
1329 412 1372 451 et
1398 408 1527 451 ‘cata-

185 474 335 525 logum
370 471 515 513 libror.
548 470 740 524 impress.
774 469 874 512 bibl.
902 468 1176 510 Bodleianae'
1203 470 1284 510 uol.
1306 467 1350 509 Π
1374 483 1414 523 p.
1441 468 1529 509 914

188 531 265 573 col.
299 531 337 571 b.

277 588 449 643 Septem
477 588 608 642 igitur
633 587 734 628 libri
760 589 932 641 praesto
959 587 1064 628 mihi
1091 586 1263 627 fuerunt
1286 585 1337 627 ad
1363 587 1529 626 textum

187 647 547 700 constituendum,
575 660 681 700 quos
709 646 872 687 duabus
892 645 1210 687 recensionibus
1233 643 1529 685 attribuendos

190 722 282 749 esse
315 705 592 747 manifestum
625 708 708 758 est,
740 704 906 746 meliori
939 703 1108 759 quidem
1141 702 1298 757 HMV,
1330 701 1531 744 deteriori

188 764 401 807 BEWX.
451 763 544 806 Hos
578 766 783 818 quattuor
814 763 948 804 libros
976 763 1193 804 artissima
1218 760 1532 803 necessitudine

189 824 416 867 cohaerere
450 823 612 878 optime
645 826 750 876 puto
789 821 986 876 intellegi
1019 835 1145 875 posse
1179 835 1228 862 ex
1261 821 1409 862 ordine
1441 834 1533 860 uer-

189 898 330 935 suum,
369 882 443 937 qui
481 883 525 922 in
564 882 678 922 calce
718 881 919 922 carminis
958 880 1178 935 leguntur,
1217 878 1267 921 cf.
1307 893 1402 933 app.
1441 879 1534 919 crit.

188 958 226 983 11.
259 942 356 983 277.
426 938 613 982 Causam
651 954 750 980 uero
790 939 916 980 huius
954 938 1147 992 peruersi
1185 937 1346 979 ordinis
1387 950 1534 991 reppe-

188 1001 295 1042 risse
328 999 435 1041 mihi
474 998 622 1040 uideor
654 998 782 1039 hanc:
824 996 1018 1050 Scriptor
1056 997 1212 1038 codicis
1247 996 1337 1037 eius
1369 1010 1419 1036 ex
1451 1009 1535 1049 quo

190 1059 450 1113 archetypus
489 1057 616 1098 11111113
657 1057 918 1098 recensionis
951 1055 1181 1110 pendebat,
1220 1069 1314 1096 curn
1348 1054 1536 1107 spatium

191 1133 287 1159 eum
314 1117 513 1159 deficeret
534 1119 582 1157 ut
604 1115 786 1170 singulis
808 1115 1006 1156 uersibus
1028 1114 1219 1169 singulas
1241 1113 1363 1155 daret
1388 1113 1537 1165 lineas,

189 1177 288 1218 inde
321 1192 344 1218 a
370 1190 499 1217 uersu
524 1175 608 1216 277
643 1175 687 1216 111
717 1173 900 1228 singulis
934 1173 1057 1214 lineis
1083 1173 1229 1226 posuit
1261 1173 1535 1213 hexametros

190 1235 315 1277 binos
355 1235 418 1276 ita
451 1233 640 1288 quidem,
678 1236 726 1274 ut
767 1246 914 1274 uersus
946 1232 1137 1272 numeris
1170 1230 1372 1286 signandi
1403 1230 1537 1284 impa-

190 1294 309 1335 ribus
336 1294 378 1335 in
407 1293 582 1334 sinistra
608 1292 792 1346 paginae
819 1294 941 1345 parte
966 1291 1222 1345 legerentur,
1247 1289 1435 1330 numeris
1463 1302 1537 1342 pa-

191 1353 311 1394 ribus
344 1352 389 1393 in
423 1352 572 1392 dextra
604 1351 717 1392 hunc
749 1350 794 1390 in
827 1349 1020 1390 modum:

707 1410 812 1450 277.
831 1408 915 1450 278

707 1467 917 1508 279280
949 1468 1026 1508 etc.

189 1528 232 1570 Is
265 1527 414 1569 deinde
448 1527 520 1581 qui
553 1526 834 1580 archetypum
867 1526 1008 1579 ipsum
1041 1523 1255 1577 exarauit,
1293 1537 1388 1564 cum
1419 1521 1531 1563 hanc

190 1587 403 1628 rationem
435 1601 521 1627 non
547 1585 852 1639 perspexisset,
885 1584 1002 1638 prius
1035 1582 1307 1636 transcripsit
1333 1595 1384 1622 ex
1409 1582 1531 1634 parte

190 1645 366 1686 sinistra
391 1659 459 1684 uu.
486 1643 730 1696 277-297,
762 1642 912 1683 deinde
939 1657 989 1682 ex
1016 1641 1166 1682 dextra
1190 1655 1258 1682 uu.
1284 1639 1530 1681 278—296.

193 1726 245 1734 —
275 1703 342 1744 Ad
373 1702 487 1744 hunc
520 1702 799 1755 archetypum
831 1701 1022 1754 proxime
1056 1699 1252 1741 accedere
1284 1697 1453 1739 uidetur
1480 1696 1531 1750 X,

193 1763 349 1818 quippe
377 1762 449 1815 qui
474 1761 584 1802 liber
611 1761 726 1802 solus
755 1773 901 1800 omues
923 1758 1162 1800 seruauerit
1184 1771 1347 1807 uersus,
1373 1756 1533 1810 longis-

195 1822 300 1863 sime
319 1820 504 1862 fortasse
526 1819 648 1861 abest
668 1818 717 1871 E,
740 1818 812 1872 qui
832 1832 918 1858 11011
939 1817 1077 1858 30111111
1098 1817 1208 1858 sicut
1227 1815 1262 1856 B
1278 1815 1332 1856 W
1359 1829 1426 1856 uu.
1449 1814 1535 1856 278

195 1881 238 1921 et
271 1879 356 1921 280
389 1878 552 1932 omisit,
585 1877 657 1919 sed
689 1877 819 1918 etiam
852 1892 889 1918 u.
916 1876 1012 1917 290.
1070 1875 1324 1916 Accuratius
1357 1887 1457 1914 uero
1490 1873 1536 1913 in

194 1938 349 1979 horum
387 1936 578 1979 codicum
611 1935 866 1978 affinitatem
896 1934 1111 1988 inquirere
1145 1935 1220 1974 aut
1253 1936 1435 1974 stemma
1468 1931 1538 1972 ad-

196 1997 304 2038 icere
338 2009 701 2050 superuacaneum
734 2008 825 2034 esse
859 1993 1069 2034 existimo.

316 2054 488 2095 Meliori
532 2053 681 2094 deinde
718 2051 958 2094 recensioni
1000 2051 1188 2092 attribuo
1235 2053 1281 2091 ut
1324 2050 1409 2091 iam
1454 2047 1542 2089 dixi

199 2112 341 2154 HMV
374 2112 526 2166 libros,
558 2126 663 2166 quos
691 2110 1011 2164 coniungendos
1045 2124 1139 2151 esse
1166 2123 1266 2150 mox
1297 2121 1542 2162 cognosceS,

201 2172 237 2213 si
263 2170 592 2225 perlustraueris
620 2172 877 2223 apparatum
904 2169 1098 2210 criticum
1128 2182 1160 2208 e.
1182 2181 1221 2221 g.
1248 2167 1299 2208 ad
1325 2181 1394 2208 1111.
1416 2167 1453 2208 6.
1477 2165 1542 2207 12.

203 2230 271 2272 25.
291 2230 358 2271 40.
378 2229 447 2271 43.
468 2229 535 2270 65.
557 2229 622 2269 67.
646 2229 711 2269 79.
734 2228 801 2269 80.
823 2227 891 2270 85.
907 2227 972 2268 89.
988 2227 1056 2281 98,
1076 2226 1149 2267 ubi
1165 2226 1316 2268 horum
1336 2225 1542 2266 librorum

201 2289 404 2330 lectiones
450 2290 563 2328 stare
609 2286 771 2327 uidebis
817 2289 967 2327 contra
1017 2284 1307 2326 recensionem
1352 2283 1543 2324 alteram.
