1614 2658
600 175 888 216 —21-

76 282 194 324 1nter
226 282 306 323 hos
338 283 425 322 tres
458 280 500 321 H
532 284 574 322 et
605 280 651 322 M
683 283 807 322 tanta
839 279 1051 329 affinitate
1085 278 1335 332 cohaerent,
1372 280 1422 318 ut

80 342 301 396 paulisper
331 340 638 395 dubitauerim‚
668 354 770 380 num
804 353 854 380 ex
886 338 1032 380 eadem
1064 337 1301 391 prodierint
1327 336 1421 378 offi-

80 400 176 442 cina
216 402 259 441 et
289 398 331 440 H
363 400 595 440 correctior
637 399 695 440 sit
727 397 857 439 editio
897 412 945 438 ex
978 396 1022 438 M
1054 396 1251 451 repetita.
1314 393 1422 437 Con-

79 459 272 500 sentiunt
303 458 416 499 enim
449 458 645 499 omnibus
678 457 766 498 fere
797 456 919 511 locis,
948 470 1151 510 persaepe
1178 457 1326 496 contra
1359 468 1422 495 ce-

79 520 194 559 teros
219 517 352 558 libros
380 531 537 570 omnes,
562 517 683 557 uelut
709 516 753 557 in
780 531 817 556 u.
845 517 919 556 91:
953 529 1089 568 verus,
1121 514 1194 556 98:
1219 513 1291 567 Et,
1320 513 1420 554 126:

78 576 206 629 fidus,
240 576 341 617 127:
373 575 554 628 factum,
590 575 689 617 186:
730 574 892 627 Audes,
924 574 1027 615 211:
1059 576 1106 614 tu
1138 587 1284 627 causa,
1317 572 1423 613 277:

80 635 252 689 ligatus.
307 634 370 675 At
400 637 544 675 tamen
571 633 847 675 inueniuntur
879 632 1188 686 discrepantiae
1216 633 1258 672 et
1282 631 1329 671 in
1355 630 1425 671 ad-

77 693 240 735 notatis
272 707 553 747 personarum
586 692 750 734 uicibus
782 692 827 733 in
858 707 925 733 uu.
955 692 1048 733 104.
1088 691 1179 732 150.
1214 690 1310 732 182.
1337 689 1422 731 209

80 755 123 794 et
156 751 387 793 lectionum
427 766 460 792 e.
493 766 526 793 c.
557 751 602 792 in
633 766 672 792 u.
704 752 778 792 22:
810 765 877 791 me
910 750 1043 803 videt,
1077 750 1201 803 [30²3]
1242 749 1344 790 142:
1378 746 1424 789 Si

78 811 205 860 bene,
232 810 336 852 235:
369 810 497 851 modo
523 811 660 864 facta,
686 810 789 851 239:
816 810 908 861 ille,
935 809 1039 850 252:
1067 809 1156 862 qui,
1182 808 1283 849 255:
1312 821 1426 848 ama-

79 870 157 924 uit,
182 869 287 910 274:
313 867 498 923 Nobilis,
524 869 626 911 281:
655 883 795 924 rogas,
814 892 872 898 -—
890 868 953 909 ita
972 869 1020 908 ut
1041 867 1145 908 mihi
1171 880 1425 921 persuasum

81 928 138 969 sit
177 928 256 969 hos
294 927 429 968 libros
468 931 663 981 sumptos
703 942 792 968 esse
827 942 847 968 e
881 926 1097 968 codicibus
1138 925 1303 967 duobus
1337 924 1425 979 qui-

80 987 196 1040 dem,
221 985 296 1027 sed
320 986 504 1027 maxime
530 987 643 1027 inter
670 1001 712 1027 se
740 985 990 1028 coniunctis.
1033 984 1168 1026 Nulla
1190 999 1289 1025 uero
1312 983 1425 1024 docti

79 1045 163 1087 uiri
203 1059 304 1086 cura
335 1059 386 1085 ex
416 1045 521 1099 ipsis
559 1045 683 1086 libris
724 1059 852 1086 manu
891 1044 1062 1099 scriptis
1101 1042 1179 1085 has
1219 1043 1425 1084 editiones

78 1103 217 1145 factas
257 1117 349 1144 esse
387 1118 465 1158 pro
505 1107 622 1145 certo
660 1104 810 1145 habeo.
872 1102 930 1143 Et
967 1103 1046 1144 hos
1083 1103 1295 1157 optimum
1335 1115 1426 1143 esse

79 1162 243 1204 fontem
285 1161 523 1204 arbitratus
557 1177 685 1217 quam
717 1162 952 1217 plurimum
985 1163 1155 1202 secutus
1198 1175 1312 1215 sum,
1348 1174 1428 1201 nec

79 1223 227 1262 tamen
258 1221 444 1275 eligendi
476 1222 690 1263 rationem
725 1235 895 1262 omnem
928 1220 1074 1261 abieci.

170 1279 223 1321 In
255 1283 511 1333 apparatum
543 1280 739 1322 criticum
771 1294 918 1321 omnes
945 1279 1087 1333 recepi
1114 1278 1428 1332 discrepantias

82 1340 254 1393 praeter
293 1352 364 1379 eas
405 1353 513 1393 quae
551 1339 740 1380 usitatae
779 1341 879 1380 sunt
915 1338 958 1379 in
997 1337 1122 1378 huius
1162 1337 1257 1378 aeui
1293 1337 1428 1390 libris,

83 1397 206 1438 uelut
231 1395 312 1437 ‘ae'
339 1399 383 1438 et
409 1396 490 1439 ‘oe'
519 1412 686 1451 semper
714 1397 1010 1451 exprimuntur
1036 1411 1111 1451 per
1138 1395 1204 1449 (θ’,
1231 1395 1282 1438 ec'
1311 1398 1353 1437 et
1378 1395 1426 1436 et'

83 1457 387 1510 permutantur
423 1456 634 1510 imprimis
676 1458 775 1497 ante
808 1454 864 1496 ei'
897 1456 942 1496 in
973 1455 1096 1496 libris
1129 1455 1345 1507 omnibus,
1383 1454 1428 1495 in

83 1528 214 1555 manu
247 1513 417 1568 scriptis
451 1529 585 1568 paene
612 1529 779 1568 semper
811 1528 888 1568 pro
917 1513 1065 1568 ‘mihi',
1098 1513 1234 1554 ‘nihil’
1267 1514 1429 1568 legitur

82 1571 257 1626 ‘michi',
289 1571 464 1626 ρ1110111Ρ,
501 1587 580 1627 pro
614 1572 811 1627 ‘uulpes'‚
848 1572 1027 1627 ‘lingua'
1062 1571 1238 1627 ewlpes',
1270 1571 1427 1626 ‘ligwa'

83 1631 204 1674 talia.
253 1629 467 1685 Equidem
488 1646 655 1686 semper
677 1631 831 1686 scripsi
852 1630 910 1672 eu'
939 1634 981 1672 et
1007 1630 1090 1684 ‘V’,
1117 1646 1213 1673 cum
1240 1631 1427 1672 inlibris

79 1690 127 1731 in
156 1689 370 1744 principio
402 1691 711 1732 uocabulorum
745 1692 939 1732 occurrat
972 1689 1041 1744 (ν’,
1072 1690 1117 1731 111
1148 1690 1427 1731 interioribus

81 1746 152 1804 ‘u'‚
172 1748 235 1789 ita
254 1750 303 1790 ut
329 1749 537 1803 scriptum
557 1750 614 1791 sit
635 1748 724 1801 evt',
750 1748 868 1803 ‘vbi’‚
894 1748 1068 1790 ‘viuere'
1091 1749 1262 1790 similia.
1305 1747 1427 1791 Com-

78 1807 236 1862 pendia
266 1807 517 1862 plerumque
549 1808 720 1849 resolui.

168 1865 454 1908 Personarum
479 1867 594 1908 uices
620 1866 665 1908 in
693 1869 896 1921 quattuor
922 1866 1167 1908 indicantur
1194 1866 1316 1908 libris
1349 1881 1426 1921 per

82 1927 208 1966 notas
240 1924 428 1979 margini
460 1925 716 1979 adscriptas:
749 1927 792 1966 in
824 1923 1023 1966 BHMV.

170 1982 432 2038 Appendicis
464 1984 559 2025 loco
591 1998 750 2038 ponere
777 1983 883 2024 mihi
908 1983 1038 2025 liceat
1070 1998 1140 2025 eos
1172 1998 1320 2025 uersus
1355 1984 1428 2038 qui

80 2041 126 2082 in
166 2040 207 2082 V
250 2041 455 2096 leguntur
498 2043 614 2083 intra
653 2042 1010 2096 subscriptionem
1049 2044 1092 2083 et
1131 2057 1303 2084 uersum
1341 2043 1424 2084 297

81 2114 178 2141 meo
211 2099 382 2154 quidem
414 2100 627 2142 arbitratu
654 2116 679 2142 a
709 2100 858 2143 fabula
885 2101 1032 2155 alieni,
1065 2115 1171 2155 quos
1200 2101 1427 2143 emendare

83 2158 320 2212 supersedi:

153 2215 311 2258 Mando
344 2216 426 2258 tibi
459 2232 556 2272 spes
589 2221 707 2260 certa
738 2218 846 2259 mihi
876 2221 923 2260 tu
955 2219 1081 2260 corde
1112 2222 1286 2273 recepta

155 2274 281 2317 Nunc
314 2289 519 2330 germana
550 2276 654 2318 fides
688 2277 831 2319 animo
864 2279 1080 2332 verboque
1113 2278 1296 2319 salutem

111 2333 132 2375 i
156 2333 315 2376 Mando
349 2348 446 2389 spes
479 2337 596 2377 certa
627 2335 734 2377 mihi
765 2339 813 2377 tu
843 2336 935 2377 fore
968 2336 1093 2378 corde
1125 2340 1297 2391 recepta

154 2392 249 2442 Qua
279 2405 454 2447 presens
491 2394 664 2436 mallem
696 2408 795 2436 uere
827 2397 870 2435 te
903 2395 1011 2436 scire
1043 2409 1241 2437 venerem
