1614 2658
656 122 945 163 —25—

131 229 404 272 habilitatem
437 242 558 269 suam
591 228 869 270 dialecticam.
918 226 1035 268 Num
1067 227 1202 283 igitur
1229 226 1473 268 coniectura

130 304 234 331 uera
266 288 323 329 sit
353 290 505 353 postea
536 287 809 341 inquiiemus.

222 346 299 389 8111
335 360 436 387 uero
474 346 561 387 iam
601 347 835 411 antiquitus
874 346 1080 400 prologus
1118 345 1189 385 ille
1222 344 1473 385 coniunctus

130 405 216 447 fuit
248 420 342 447 cum
374 404 568 446 uersibus
601 404 673 459 qui
703 404 931 446 traduntur
963 408 1005 445 et
1037 403 1370 445 1111.286-297
1406 416 1474 457 ge-

131 464 253 505 nuini
285 466 402 517 sunt,
433 478 518 504 11011
545 463 808 505 comoediam
839 463 1049 504 habemus
1078 462 1149 503 sed
1181 461 1473 517 fragmentum

131 521 390 578 tragoediae.
453 520 658 563 Conferas
692 523 803 563 enim
836 520 1099 576 Diomedis1)
1132 520 1265 561 uerba
1297 521 1341 560 in
1366 519 1474 560 earte
1523 563 1532 573 ‚

133 579 453 636 grammatica':
498 579 734 622 ‘comoedia
775 596 799 622 a
836 580 1059 635 tragoedia
1097 579 1240 620 differt
1278 578 1390 633 quod
1430 579 1475 619 in

131 639 357 695 tragoedia
384 672 391 680 .
419 672 427 680 .
454 672 462 680 .
487 638 734 692 frequenter
767 642 809 680 et
839 653 974 693 paene
1002 653 1169 692 semper
1195 638 1321 679 laetis
1348 637 1474 679 rebus

134 699 272 740 exitus
303 698 450 739 tristes
484 700 528 738 et
558 697 794 739 liberorum
825 698 1181 752 fortunarumque
1207 697 1398 751 priorum
1430 696 1476 737 in

132 757 254 812 peius
288 756 480 811 adgnitio
509 788 518 797 .
545 789 552 797 .
581 789 589 797 .
616 756 639 798 .'
673 760 715 798 et
742 771 848 811 quae
881 757 980 798 hinc
1008 758 1181 810 sumpta
1207 770 1298 796 esse
1330 755 1475 796 uiden-

132 819 203 857 tur
235 815 410 857 Ioannis
441 814 665 856 Ianuensis
697 816 741 856 in
775 814 1030 857 ‘Catholico'
1065 830 1096 856 s.
1123 830 1160 856 11.
1189 813 1475 869 ‘tragoedia':

133 873 381 917 ‘Comoedia
419 889 444 915 a
480 874 681 915 tristibus
719 874 870 928 incipit
909 874 981 915 sed
1021 888 1116 915 cum
1149 874 1275 914 laetis
1309 872 1477 927 desinit,

132 933 355 987 tragoedia
387 947 408 973 e
441 932 685 974 contrario?
721 957 770 962 —
806 932 873 974 810
905 933 1009 974 haec
1036 946 1202 987 quoque
1235 932 1383 973 fabula
1413 931 1477 972 in-

134 992 296 1047 ciperet
328 1006 352 1032 a
383 991 512 1032 rebus
544 991 670 1033 laetis
703 995 745 1032 et
775 992 972 1032 finiretur
1005 1006 1099 1033 cum
1137 990 1339 1032 lacrimis.
1401 989 1477 1032 Ce-

134 1053 227 1092 tera
246 1064 349 1091 uero
370 1049 691 1104 tragoediarum
711 1050 880 1104 indicia,
901 1051 1019 1091 uelut
1046 1049 1159 1104 quod
1183 1049 1228 1090 in
1250 1049 1309 1090 eis
1331 1049 1477 1090 ‘intro-

138 1109 350 1151 ducuntur
381 1109 531 1150 heroes
559 1109 685 1150 duces
712 1123 869 1164 reges.
898 1144 904 1150 .
932 1142 941 1151 .
966 1109 1107 1150 luctus
1142 1108 1269 1149 exilia
1302 1107 1478 1162 caedes'‚

134 1168 219 1209 huc
243 1182 332 1209 non
358 1167 581 1221 quadrant,
615 1167 695 1208 etsi
720 1168 831 1209 tales
858 1182 925 1208 res
953 1168 997 1209 in
1026 1166 1256 1221 deperditis
1283 1167 1478 1208 uersibus

133 1225 438 1281 pronuntiatae
468 1225 603 1267 fuisse
635 1229 829 1281 possunt.
879 1225 960 1267 Sed
992 1226 1068 1266 illa
1098 1240 1185 1267 non
1217 1227 1360 1267 omnia
1386 1229 1478 1267 tum

133 1285 353 1340 postulata
390 1299 485 1326 esse
525 1284 728 1326 discimus
768 1300 818 1326 ex
858 1284 1002 1326 uerbis
1041 1284 1215 1326 Ioannis
1248 1283 1479 1340 Anglici²)‚

135 1358 244 1397 quae
301 1343 419 1384 addit
476 1343 529 1384 ad
578 1344 827 1399 tragoediae
880 1343 1122 1397 exemplum
1173 1343 1285 1397 quod
1336 1344 1477 1384 affert:

135 1401 290 1443 ‘Huius
331 1402 524 1457 tragedie
561 1403 848 1456 proprietates
889 1406 989 1443 sunt
1026 1402 1136 1443 tales
1172 1435 1180 1443 .
1213 1402 1337 1456 graui
1378 1402 1479 1443 stilo

137 1460 394 1502 describitur
427 1493 434 1501 .
466 1460 711 1514 pudibunda.
753 1461 1028 1515 proferuntur
1066 1463 1109 1501 et
1141 1462 1347 1502 scelerata
1380 1495 1387 1501 .
1420 1460 1479 1501 in-

139 1519 244 1574 cipit
265 1534 289 1560 a
315 1518 485 1575 gaudio,
512 1522 554 1560 et
578 1519 623 1560 in
648 1520 837 1561 lacrimis
857 1519 1141 1561 terminatur.²
1191 1518 1340 1574 Neque
1366 1518 1480 1560 enim

135 1578 223 1619 iam
257 1578 361 1619 dicit
392 1578 437 1618 in
475 1578 699 1633 tragoedia
732 1577 870 1633 ‘reges
904 1581 946 1620 et
978 1577 1219 1633 magnates'
1254 1592 1390 1633 agere.
1423 1602 1478 1607 —

135 1636 356 1678 Habemus
387 1636 522 1691 igitur
554 1639 628 1677 aut
662 1637 926 1678 comoediam
955 1650 1050 1678 cum
1083 1636 1385 1678 additamentis
1418 1651 1478 1678 re-

136 1694 340 1737 centioris
374 1694 554 1749 originis
588 1699 663 1737 aut
694 1695 984 1750 fragmentum
1016 1695 1274 1750 tragoediae.
1323 1695 1481 1737 Vtrum

135 1768 239 1796 uero
259 1753 417 1795 rectius
439 1754 508 1808 sit,
534 1768 585 1795 ex
603 1754 697 1808 ipso
720 1754 907 1796 carmine
927 1754 1113 1796 iudicare
1132 1769 1220 1796 non
1238 1769 1482 1808 possumus,

137 1813 239 1867 quia
274 1812 482 1854 rimorum
520 1812 684 1854 aliaeue
721 1814 911 1855 rationes
951 1813 1003 1854 ad
1040 1813 1151 1854 hanc
1188 1813 1479 1868 quaestionem

137 1871 386 1913 soluendam
419 1871 526 1912 nihil
559 1872 753 1914 afferunt.

227 1928 307 1971 Sed
347 1943 494 1970 ansam
533 1945 683 1983 parare
720 1930 846 1972 nobis
884 1930 984 1972 licet
1023 1945 1073 1971 ex
1112 1930 1398 1984 comparando
1432 1945 1480 1972 eo

137 1990 336 2043 poemate
364 1988 475 2042 quod
503 1987 785 2042 ‘Pamphilus'
811 1989 1026 2030 nominari
1047 1989 1165 2030 solet.
1175 1987 1210 2045 3)
1255 1989 1372 2031 Haec
1399 1989 1480 2031 duo

143 2047 336 2088 carmina
368 2047 590 2088 simillima
621 2062 712 2088 esse
744 2049 908 2102 primus
949 2047 1060 2102 quod
1094 2048 1227 2090 sciam
1259 2048 1368 2089 uidit
1399 2048 1482 2089 Ru-

237 2164 269 2205 1)
297 2160 398 2204 Keil,
427 2161 588 2197 Gramm.
616 2162 679 2198 lat.
707 2161 779 2198 1101.
806 2162 823 2196 I
848 2175 882 2207 p.
905 2166 984 2198 488.

199 2209 268 2290 5023
296 2208 469 2290 Ὀἱ-11611611
495 2221 556 2243 zur
582 2209 705 2254 bayer.
734 2222 767 2244 u.
795 2210 958 2246 deutsch.
987 2210 1133 2246 Gesch’
1169 2211 1239 2246 1101.
1268 2210 1319 2245 IX
1349 2212 1443 2255 part.
1466 2211 1483 2245 1

136 2268 172 2301 p.
286 2266 334 2290 no

234 2304 269 2347 3)
297 2301 422 2336 Ouidii
442 2302 600 2338 Nasonis
621 2303 852 2348 Pelignensis
873 2305 1012 2340 erotica
1033 2306 1069 2340 et
1089 2303 1271 2340 amatoria
1290 2305 1485 2350 opuscula,

137 2349 371 2384 Francoforti
397 2353 488 2385 1610
513 2362 548 2394 p.
578 2353 748 2386 75-105.
