1635 2632
213 204 432 247 monensis
473 208 599 259 poete
651 207 656 257 Ι
710 205 858 247 Trium
902 205 1143 260 puellarum
1180 206 1289 248 liber
1326 206 1517 262 Explicit
1550 206 1554 263 Ι

215 263 355 318 Ouidij
388 262 578 306 Nasonis
612 263 908 306 Sulmonensis
939 267 1065 319 poete
1093 265 1098 318 Ι
1126 264 1190 306 De
1222 266 1368 321 sagaci
1399 266 1556 308 nuncio

213 323 324 364 liber
349 322 518 378 Incipit.
553 347 602 352 —-
639 323 690 364 F
717 327 789 365 10‘z
815 323 838 365 Z.
865 326 1058 366 18—20:
1091 323 1231 378 Ouidij
1264 324 1441 366 nasonis
1474 325 1556 366 sul-

213 382 431 423 monensis
463 384 589 436 poete
622 382 673 423 de
706 382 850 438 sagaci
876 383 1033 424 nuncio
1063 381 1067 437 l
1096 382 1225 424 Liber
1250 383 1428 437 explicit
1456 386 1461 434 Ι
1489 382 1556 424 In-

212 441 318 495 cipit
355 440 524 483 ouidius
561 440 736 482 nasonis
775 440 1035 482 sulmonesis
1073 443 1203 496 poeta
1235 441 1284 482 de
1315 441 1466 497 pulice.
1500 466 1555 472 —

212 499 264 541 F.
296 501 366 541 10²⁵
404 500 427 541 l.
459 502 541 541 27:
578 499 771 554 Explicit
802 499 978 541 Ouidius
1017 499 1067 540 de
1106 500 1255 554 pulice.
1291 524 1340 530 —
1374 501 1424 542 F.
1458 504 1554 542 11⁶⁴.-

212 558 490 607 Querimonia
521 557 767 615 Pam-{phili
805 560 931 612 poete
969 558 1019 599 de
1052 573 1198 600 amore
1230 558 1414 601 feliciter
1445 559 1556 601 Inci-

210 617 346 672 piunt.
379 642 436 646 —-
467 617 519 658 F.
544 618 620 660 22ὁ
653 618 676 659 l.
703 620 759 659 18
789 620 826 658 et
850 621 925 659 19:
955 617 1148 672 Explicit
1179 617 1426 672 pamphilus
1461 619 1553 670 [sic]

213 676 265 717 de
298 690 444 717 amore
473 679 478 727 Ι
507 675 685 717 Ouidius
719 675 769 716 de
795 678 945 718 ventre
970 675 1155 718 feliciter
1180 675 1342 730 Inctpit
1369 677 1474 728 [sic]
1505 700 1553 706 —-

210 734 261 776 F.
293 737 391 777 23⁶2:
427 733 558 776 Liber
591 734 733 776 Ouidii
765 734 814 776 de
846 735 968 776 vetre
1009 737 1013 786 Ι
1054 735 1261 791 ceterisqg
1293 735 1454 776 mebris
1487 735 1556 776 ad-

210 808 360 835 uersus
408 794 570 835 vetrem
614 793 664 834 de
708 794 945 835 voracitate
982 792 1286 849 ospi[rantibus
1335 808 1382 835 ac
1420 794 1554 835 vetris

211 852 257 893 in
283 867 384 894 suos
410 853 520 893 efres
547 852 787 893 amicabilis
807 851 1052 906 resp6s10.1)
1077 876 1127 881 ——
1150 852 1201 894 F.
1220 853 1292 895 25⁶
1313 852 1337 894 l.
1357 855 1552 895 28—30:

209 910 402 966 Explicit
428 925 602 953 carmen
629 909 770 965 Ouidij
797 910 984 953 feliciter
1012 908 1016 965 Ι
1045 910 1248 965 Epistola
1273 909 1417 952 Ouidii
1443 925 1555 952 ama-

210 968 335 1025 tolria
376 969 426 1011 de
465 969 609 1023 Sapho
655 970 708 1011 ad
747 969 960 1024 quandam
997 970 1187 1023 puellam
1225 969 1460 1011 Phaonem.
1503 993 1550 998 —

209 1029 262 1070 F.
281 1030 356 1071 28b
376 1029 400 1070 l.
420 1030 496 1070 35:
523 1028 645 1070 Finis
668 1027 867 1083 Sapphus
894 1027 1034 1082 Ouidij
1049 1026 1094 1083 2).
1123 1052 1173 1058 —
1202 1028 1253 1070 F.
1273 1031 1371 1070 29⁶¹:
1397 1027 1556 1082 Incipit

308 1158 342 1199 1)
369 1155 482 1190 Recte
510 1155 720 1190 coniecerat
746 1154 899 1190 Carolus
925 1155 1081 1190 Bartsch
1108 1154 1226 1199 (Albr.
1253 1167 1286 1190 v.
1313 1154 1556 1190 Halberstadt

210 1215 246 1247 p.
273 1202 356 1246 Vll)
395 1203 466 1237 hoc
504 1214 653 1237 carmen
690 1202 789 1237 idem
827 1213 905 1237 esse
937 1203 1051 1247 atque
1083 1201 1138 1246 id,
1176 1202 1274 1245 quod
1306 1202 1373 1237 sub
1406 1200 1555 1236 Ioannis

211 1249 498 1285 Saresberiensis
535 1249 685 1284 nomine
722 1250 819 1284 male
858 1249 978 1284 edidit
1014 1249 1040 1284 Ι.
1072 1249 1114 1284 Α.
1149 1248 1250 1284 Giles
1280 1248 1374 1293 (Ioh.
1408 1248 1554 1283 Saresb.

210 1307 326 1342 opera
351 1298 476 1331 onmia
501 1297 575 1332 uol.
601 1297 633 1331 V
660 1309 695 1341 p.
716 1298 930 1341 299—304),
955 1296 1135 1341 perpaulo
1161 1296 1292 1330 melius
1317 1295 1343 1330 Ι.
1363 1295 1407 1330 Α.
1427 1295 1554 1330 Fabri·

210 1345 288 1378 cius
320 1343 425 1388 (bibl.
451 1344 516 1378 lat.
544 1344 641 1379 med.
668 1345 706 1378 et
736 1344 798 1378 inf.
827 1345 899 1378 aet.
924 1346 1014 1378 tom.
1040 1342 1092 1377 IV
1118 1343 1234 1387 extr.).
1285 1343 1395 1377 Falso
1427 1343 1554 1377 autem

209 1390 296 1425 huic
327 1390 473 1425 auctori
503 1401 639 1435 poema
670 1391 891 1426 attributum
923 1400 1002 1425 esse
1029 1390 1194 1424 ostendit
1219 1388 1371 1425 Carolus
1399 1388 1554 1424 Schaar-

210 1437 374 1473 schmidt
398 1437 492 1482 (Ioh.
514 1438 700 1473 Saresber.
721 1449 758 1482 p.
778 1438 990 1482 276-278).
1019 1458 1063 1464 —-
1089 1436 1237 1471 Adnoto
1263 1436 1454 1481 grauiores
1481 1435 1554 1471 dis-

210 1484 421 1529 crepantias
448 1495 542 1529 quae
569 1486 655 1520 sunt
679 1484 776 1519 inter
801 1483 965 1519 Fabricii
991 1483 1194 1519 editionem
1222 1484 1259 1518 et
1284 1482 1319 1516 H
1344 1482 1497 1527 librum,
1533 1493 1553 1517 e

210 1531 344 1576 quibus
369 1531 569 1566 nonnullas
596 1531 873 1567 emendationes
899 1531 1055 1566 euadere
1075 1530 1232 1566 uidebis.
1260 1551 1302 1556 ——
1328 1541 1364 1566 u.
1386 1533 1408 1565 3
1427 1529 1477 1575 is]
1497 1530 1554 1564 est

211 1599 253 1604 —-
282 1583 304 1614 7
324 1578 490 1624 Ventris]
516 1578 642 1613 fratris
662 1599 706 1604 —
733 1583 757 1614 8
777 1579 834 1624 ut]
861 1579 901 1613 in
921 1599 965 1604 —
992 1581 1038 1613 15
1057 1578 1161 1612 iubet
1179 1577 1282 1623 huic]
1309 1578 1437 1612 mouet
1456 1577 1553 1611 huno

209 1646 254 1651 —
282 1628 327 1660 19
349 1625 438 1671 duo]
460 1625 530 1660 due
557 1645 601 1650 —
628 1628 678 1661 24
698 1625 797 1672 pius]
817 1625 900 1670 plus
927 1646 970 1651 —
999 1628 1044 1660 31
1064 1624 1224 1670 librans]
1249 1624 1346 1659 libro
1372 1644 1417 1650 —
1443 1625 1492 1659 36
1511 1635 1553 1658 ac

208 1672 284 1718 me]
314 1682 424 1707 voces
451 1692 494 1697 —-
520 1672 674 1718 nocens]
700 1683 801 1707 meas
828 1692 871 1697 -—
898 1675 947 1708 42
974 1672 1050 1718 hic]
1077 1671 1146 1706 hec
1173 1692 1214 1696 —
1241 1671 1366 1716 putat]
1387 1671 1490 1706 videt
1511 1691 1552 1695 —

209 1722 255 1755 49
281 1718 488 1765 respondit]
517 1720 718 1763 respondet
747 1739 792 1744 —
825 1722 872 1754 57
899 1718 1005 1764 quid]
1033 1719 1114 1762 quis
1146 1738 1189 1744 —
1226 1721 1273 1753 59
1300 1717 1463 1763 labores]
1489 1717 1553 1751 do-

211 1767 307 1801 lores
334 1786 377 1791 —
404 1769 454 1802 62
475 1766 618 1812 garcio]
648 1765 769 1810 gratio
795 1786 841 1791 —
867 1769 916 1800 66
936 1767 1055 1811 cetus]
1083 1765 1194 1809 piscis
1221 1786 1264 1790 —
1292 1768 1337 1800 71
1358 1763 1551 1809 deturpas]

209 1813 395 1848 disturbas
434 1833 477 1838 —
517 1816 566 1848 '76
591 1813 745 1858 Navita]
775 1812 936 1856 Quisque
977 1833 1018 1837 —-
1058 1815 1106 1847 77
1131 1811 1252 1857 casus]
1280 1822 1386 1846 casus
1413 1811 1471 1846 est
1509 1831 1553 1836 —

209 1864 256 1896 79
278 1859 564 1906 Nabusaradan]
585 1859 832 1895 Nabusardan
857 1880 904 1886 —
930 1863 978 1895 80
997 1860 1075 1894 fero
1096 1859 1149 1905 et]
1171 1869 1251 1893 sero
1273 1879 1317 1883 -
1342 1861 1414 1893 106
1435 1857 1553 1892 discu-

210 1907 397 1953 tientque]
419 1906 697 1951 destituentque
723 1927 767 1932 -
795 1910 869 1943 124
888 1905 1192 1951 conficimurque]
1213 1904 1487 1950 affligimur-que
1508 1925 1552 1930 —

209 1956 281 1990 128
307 1954 413 2000 ansa]
440 1954 510 1990 iste
542 1975 587 1980 —-
614 1957 698 2000 post
724 1957 795 1990 140
825 1955 865 1989 Izi
895 1955 968 1990 duo
999 1964 1126 1989 uersus
1157 1953 1342 1998 leyuntur:
1382 1951 1552 1993 ‘Quando

209 2000 309 2036 iaces
334 2012 473 2036 vacuus
506 2001 593 2045 quia
623 2004 662 2036 te
687 2001 825 2036 ieiunia
856 2000 988 2036 ledunt
1021 2003 1026 2045 Ι
1059 2000 1190 2035 Latras
1223 2001 1262 2034 et
1287 1999 1460 2044 querulus
1485 2009 1552 2033 nos

207 2047 302 2083 facis
329 2059 408 2083 esse
434 2048 594 2092 graues?
641 2049 772 2093 quibus
803 2049 949 2083 insertis
979 2048 1069 2092 falsi
1097 2047 1269 2082 Fabricii
1299 2047 1442 2081 numeri
1472 2046 1551 2081 red-

209 2096 351 2130 duntur
375 2096 463 2131 recti
502 2116 545 2120 —
585 2098 656 2129 148
680 2095 769 2141 ista]
806 2096 860 2130 ita
897 2116 939 2120 —
979 2097 1050 2130 149
1077 2096 1114 2129 et
1145 2105 1207 2129 eos
1240 2092 1444 2138 sapienter]
1476 2092 1552 2127 iam

209 2143 274 2177 sed
300 2142 486 2187 patienter
505 2162 549 2168 —
576 2145 648 2177 165
666 2142 815 2188 meque]
843 2153 961 2186 neque
982 2162 1026 2167 ——
1051 2145 1124 2176 169
1145 2140 1302 2186 accipio]
1325 2138 1487 2184 suscipio
1508 2160 1552 2164 —

208 2192 280 2225 175
307 2189 517 2234 minimum]
544 2188 698 2223 nimium
723 2210 769 2214 —
800 2192 870 2225 179
898 2188 1067 2234 minimo]
1094 2187 1206 2223 nimio
1233 2207 1276 2213 -
1305 2190 1379 2223 182
1406 2186 1550 2231 serena]

207 2236 368 2272 iocunda
393 2256 438 2262 —
462 2239 534 2271 134
560 2236 706 2281 parum]
733 2247 866 2280 panem
895 2256 938 2262 —-
963 2238 1041 2271 200
1066 2234 1152 2282 Hic]
1179 2234 1268 2270 Hoc.

304 2284 340 2328 2)
373 2282 523 2319 Contuli
553 2282 623 2318 hoc
655 2293 803 2317 carmen
837 2294 920 2318 cum
953 2293 995 2317 eo
1027 2283 1132 2317 textu
1163 2293 1272 2326 quem
1299 2280 1417 2316 edidit
1443 2280 1551 2315 Scato

211 2329 337 2366 Gocko
364 2331 409 2365 de
435 2330 553 2366 Vries.
597 2329 731 2365 Varias
757 2330 935 2366 lectiones
962 2328 1241 2364 accuratissime
1267 2337 1432 2373 apponO,
1457 2327 1498 2361 ut
1517 2325 1551 2360 Η
