1635 2632
714 103 997 144 --18-

189 211 213 252 l.
227 212 421 253 28—30:
440 208 634 263 Explicit
654 208 899 263 pamphilus
915 208 963 249 de
981 223 1124 250 amore
1148 207 1152 263 1
1176 208 1333 263 Incipit
1347 208 1533 262 epistola

188 272 421 323 perornata
453 267 671 309 cuiusdam
705 268 889 308 amantis
919 270 923 318 Ι
953 267 1005 308 ad
1038 267 1252 321 quandam
1285 266 1529 323 puellam.¹)

277 326 433 382 Locus,
473 340 626 379 annus,
663 326 927 381 typographi
964 340 1122 367 nomen
1160 340 1246 367 non
1278 326 1532 381 afferuntur3

189 385 297 428 folia
329 388 429 427 sunt
460 385 618 440 uiginti
645 387 848 439 quattuor
879 384 1044 426 formae
1071 384 1304 439 quadratae
1330 399 1530 426 uersuum

188 444 278 486 fere
309 445 518 486 tricenum
551 446 816 498 quaternum.

277 502 407 544 Manu
440 502 612 557 scriptis
644 502 766 543 libris
799 517 901 543 usus
934 517 1025 543 sun]
1061 501 1148 543 his:

280 560 314 603 Β
356 561 488 603 codex
525 560 816 602 Berolinensis
854 560 969 601 Diez.
1003 559 1047 601 C.
1080 559 1136 601 40.
1178 560 1250 614 79,
1283 575 1408 615 quem
1440 561 1533 614 ipse

189 620 448 674 comparaui.
475 618 654 661 Saeculo
669 618 772 661 XVI
794 619 990 660 attribuit
1012 622 1054 660 et
1075 619 1302 674 descripsit
1319 619 1531 661 Ernestus

189 677 370 735 Voigt2)
402 680 448 719 in
473 678 688 720 ‘Kleinere
714 678 964 719 lateinische
991 677 1255 719 Denkmaler
1287 678 1361 720 der
1385 678 1532 719 Thier-

190 752 292 793 sage
325 752 401 779 aus
434 737 530 778 dem
561 736 656 778 XII.
689 737 756 778 bis
786 736 901 778 XIV.
927 735 1237 778 Jahrhundert'
1269 752 1308 792 p.
1341 737 1380 778 9.
1425 735 1532 779 Con-

188 796 302 838 feras
334 799 559 851 praeterea
596 795 790 838 ‘schedas
822 794 1084 849 philologas'
1123 810 1164 849 p.
1199 796 1264 837 13.
1321 794 1533 838 Nostrum

191 870 362 897 carmen
393 855 551 909 legitur
583 855 627 895 in
659 854 732 895 fol.
766 851 990 896 692—75b.

289 972 322 1014 1)
348 970 444 1004 Hinc
477 969 638 1014 corrigas
670 969 957 1014 descriptionem
982 968 1163 1004 Ludouici
1188 968 1285 1004 Hain
1317 969 1355 1003 in
1383 969 1534 1013 ‘Reper-

191 1017 277 1053 torii
311 1016 615 1061 bibliographici’
647 1016 719 1051 uol.
747 1015 781 1049 ΙΙ
813 1018 908 1060 part.
936 1017 951 1050 I
985 1028 1083 1052 num.
1113 1020 1226 1051 12255
1263 1015 1407 1051 collatis
1440 1027 1535 1059 quae

193 1064 270 1100 dixi
294 1065 333 1098 in
361 1063 521 1098 ‘schedis
546 1063 763 1108 philologis’
790 1074 825 1107 p.
854 1066 908 1098 12.

286 1113 322 1156 2)
343 1110 399 1144 Ab
425 1111 496 1146 hoc
515 1111 596 1146 uiro
622 1110 887 1145 humanissimo
908 1112 1019 1155 atque
1040 1109 1253 1145 doctissimo
1275 1109 1534 1145 liberalissime

193 1159 360 1193 adiutum
386 1158 683 1202 instructumque
715 1169 773 1192 me
799 1168 879 1192 esse
910 1158 972 1203 pio
1006 1158 1184 1192 confiteor
1210 1156 1333 1192 animo
1361 1157 1467 1202 eique
1493 1162 1536 1192 ut

193 1216 240 1239 ne
265 1217 414 1250 prorsus
439 1205 499 1239 hic
524 1204 674 1239 libellus
701 1204 901 1249 displiceat
933 1206 1020 1248 opto
1053 1204 1304 1249 desideroque.
1356 1204 1426 1246 Qui
1452 1215 1536 1238 cum

193 1252 268 1287 alia
294 1252 413 1286 multa
437 1252 518 1286 tum
544 1253 614 1286 hoc
639 1262 697 1286 me
724 1251 868 1286 monuit
897 1262 1043 1286 carmen
1073 1251 1168 1286 illud
1194 1251 1536 1286 artificiosissimum

192 1299 250 1344 (cf.
278 1298 400 1334 sched.
432 1298 523 1343 phil.
557 1310 592 1342 p.
621 1299 680 1343 13)
713 1298 853 1333 editum
884 1298 960 1333 iam
993 1309 1071 1333 esse
1107 1309 1128 1332 a
1155 1297 1339 1333 Guilelmo
1364 1298 1536 1333 Watten-

192 1347 288 1381 bach
314 1345 353 1380 in
380 1344 629 1380 ‘Germaniae’
658 1345 731 1381 nol.
758 1345 842 1379 XIX
869 1346 990 1389 (1874)
1015 1357 1049 1390 p.
1078 1349 1217 1380 72—74
1243 1356 1287 1380 ex
1313 1345 1438 1380 codice
1465 1345 1531 1380 Be-

192 1393 259 1428 rol.
286 1393 349 1428 lat.
377 1392 441 1427 fol.
468 1396 523 1427 49.
574 1392 723 1427 Adnoto
749 1392 865 1436 igitur
891 1392 1158 1437 discrepantias
1184 1391 1302 1427 nostri
1327 1392 1429 1426 libri:
1456 1404 1490 1427 u.
1514 1395 1535 1426 1

192 1439 260 1475 Aie
289 1459 331 1464 —
358 1443 381 1474 '7
405 1439 560 1474 iocunde
587 1460 630 1464 ——
658 1442 706 1474 16
723 1438 854 1483 pusis?
882 1459 925 1464 —
951 1442 999 1474 21
1022 1439 1235 1474 cantalenas
1261 1459 1305 1464 —-
1329 1442 1380 1475 22
1401 1439 1538 1474 ducant

195 1507 238 1512 -
258 1489 306 1522 27
320 1485 577 1530 stillarumque
600 1506 640 1511 -
662 1490 714 1522 28
729 1488 766 1520 et
784 1497 850 1521 om.
866 1506 910 1511 —
932 1488 979 1521 37
991 1485 1263 1530 penuniarum?
1278 1507 1322 1511 -
1343 1488 1389 1521 39
1410 1486 1538 1530 vigent

194 1544 259 1568 om.
288 1554 330 1558 —
358 1536 404 1567 41
425 1534 662 1578 respergatur
689 1553 731 1558 -—-
759 1536 804 1567 44
823 1536 901 1568 rete
927 1553 972 1558 —
997 1536 1044 1568 45
1064 1532 1318 1578 prandendum
1339 1553 1382 1558 ——
1410 1535 1457 1568 52
1477 1532 1537 1567 Sic

195 1600 238 1606 —
266 1583 313 1615 57
333 1579 489 1614 discreto
511 1600 554 1605 —
581 1584 629 1615 58
649 1580 784 1614 Facete
812 1600 857 1605 —
884 1582 931 1615 60
952 1579 1047 1614 Hinc
1066 1580 1121 1626 vt]
1142 1579 1237 1615 Huic
1262 1600 1309 1605 ——
1334 1583 1381 1615 64
1400 1580 1535 1614 Fussos

194 1647 239 1652 —-
266 1630 314 1662 67
333 1627 482 1671 fragant
506 1647 551 1652 —
578 1630 624 1660 69
646 1626 767 1672 encia]
794 1626 896 1661 curia
920 1646 964 1652 —
992 1630 1039 1662 70
1058 1626 1253 1661 feminium
1274 1647 1317 1652 —
1339 1629 1386 1662 73
1405 1625 1538 1661 Athesi

195 1674 247 1719 et]
277 1674 315 1707 et
339 1674 378 1708 in
405 1694 446 1698 —
474 1673 612 1708 elsacia
644 1693 687 1697 -
721 1677 767 1708 74
792 1674 940 1708 matura
972 1694 1015 1699 —
1049 1677 1096 1709 76
1122 1685 1205 1708 cum
1230 1673 1380 1719 puppis]
1407 1672 1538 1718 populi

196 1741 239 1745 —
266 1723 315 1755 77
339 1731 461 1754 sumus
487 1740 531 1745 —-
557 1723 605 1755 83
632 1731 907 1754 concrememus
934 1740 977 1745 —
1004 1723 1052 1755 84
1071 1721 1143 1755 heu
1170 1741 1212 1746 —-
1239 1724 1289 1756 86
1308 1720 1473 1755 retondit
1492 1740 1536 1745 -

196 1770 246 1802 87
270 1767 402 1802 festine
429 1787 472 1792 -—
499 1770 548 1802 89
573 1766 682 1801 italia
708 1787 750 1791 -—
778 1770 826 1802 90
851 1766 953 1811 lipck
981 1788 1023 1792 —
1049 1770 1096 1802 91
1123 1767 1232 1802 Italia
1258 1787 1301 1792 —-
1329 1769 1378 1802 92
1398 1767 1536 1802 Volans

196 1834 240 1839 —
260 1817 308 1849 93
330 1813 477 1849 Sociare
504 1834 547 1839 —
573 1817 621 1849 94
641 1813 774 1859 eciam]
796 1813 866 1848 eris
886 1834 930 1838 —
951 1814 1112 1859 generis]
1135 1813 1286 1858 grauis?
1307 1834 1350 1838 —
1377 1817 1426 1849 96
1446 1814 1538 1849 haut

196 1881 240 1886 —
267 1863 315 1896 98
340 1860 490 1896 inbutus
522 1880 565 1886 -
598 1864 670 1896 100
696 1860 760 1895 sed
785 1861 868 1906 nec]
898 1859 976 1905 s5u⁰
1007 1881 1049 1886 —
1076 1864 1148 1896 106
1173 1860 1263 1895 Arte
1284 1860 1537 1895 'humanitatis

194 1907 356 1952 indugeo
378 1928 421 1933 —
441 1911 513 1943 107
531 1907 601 1942 Pro
622 1908 753 1942 solitus
772 1907 824 1951 hc)
840 1908 1024 1943 incolatus
1051 1928 1094 1932 —
1121 1910 1195 1943 108
1214 1908 1247 1941 A
1267 1910 1434 1942 materno
1455 1907 1536 1943 foco

196 1955 326 2000 procul
352 1955 449 1989 disto
477 1975 520 1980 —
546 1958 616 1990 109
638 1954 708 1989 Cor
734 1954 931 1990 iocundum
958 1955 1064 1999 gesto
1091 1975 1134 1980 —
1162 1958 1232 1990 110
1251 1953 1415 1989 Tametsi
1439 1966 1539 1990 mar-

197 2001 300 2036 subio
333 2001 483 2046 gradiar
514 2004 631 2036 mesto
670 2022 713 2027 -—
753 2005 822 2036 111
854 2002 905 2037 At
942 2001 1118 2036 aliorsum
1155 2012 1266 2047 cogor
1296 2001 1466 2046 prosilire
1493 2021 1537 2026 —

198 2051 271 2084 112
295 2047 384 2083 Vale
405 2047 521 2092 Lipck
548 2059 696 2092 semper
721 2049 825 2083 salua
851 2047 933 2084 sies.
961 2069 1004 2074 —
1030 2048 1144 2084 Vides
1169 2049 1284 2094 igitur
1308 2047 1452 2083 nullam
1477 2047 1538 2082 hic

197 2094 276 2129 fieri
295 2094 521 2129 mentionem
537 2094 717 2130 Samuelis
737 2094 849 2138 illius,
870 2107 980 2139 quem
995 2095 1203 2130 Samuelem
1218 2094 1358 2130 Karsch
1374 2095 1418 2130 de
1433 2094 1538 2129 Lich-

197 2142 356 2185 tenberg
376 2141 454 2176 siue
477 2141 536 2176 ‘de
556 2143 682 2176 monte
703 2142 830 2177 rutilo’
859 2153 938 2177 esse
962 2142 1090 2177 docuit
1109 2142 1205 2178 Guil.
1228 2141 1423 2185 crecelius,
1449 2142 1538 2177 olim

199 2188 376 2233 magister
401 2199 515 2230 meus,
542 2199 650 2232 quem
677 2190 862 2224 mortuum
889 2189 964 2223 iam
990 2200 1068 2224 esse
1088 2189 1195 2225 doleo
1221 2188 1356 2234 (Germ.
1377 2188 1451 2224 uol.
1470 2187 1539 2222 XX

198 2247 235 2280 p.
256 2235 367 2279 Vsq.).
395 2255 438 2260 —
468 2234 722 2279 ‘Epitaphium
743 2235 960 2271 meretricis’
991 2236 1089 2280 quod
1113 2237 1174 2271 hic
1193 2236 1304 2281 legis,
1332 2237 1417 2270 sunt
1437 2247 1495 2270 uu.
1516 2239 1537 2269 3

199 2283 238 2316 et
251 2285 272 2316 4
287 2281 460 2316 carminis
475 2281 552 2316 eius
567 2282 666 2326 qnod
682 2281 750 2316 sub
765 2282 876 2317 titulo
894 2282 1199 2318 ‘Hermafrodita'
1219 2282 1369 2318 Carolus
1385 2283 1539 2317 Bartsch

199 2328 317 2364 edidit
341 2328 380 2363 in
408 2327 525 2363 ‘Albn
550 2341 583 2363 v.
611 2328 733 2364 Halb.'
762 2341 796 2374 p.
823 2328 949 2364 LXXI.
